%% This BibTeX bibliography file was created using BibDesk.
%% http://bibdesk.sourceforge.net/


%% Created for Jean-Pierre Marquis at 2020-08-05 10:24:27 -0400 


%% Saved with string encoding Unicode (UTF-8) 



@article{BarrWells2005,
	Author = {Barr, Michael and Wells, Charles},
	Date-Added = {2020-08-05 10:23:26 -0400},
	Date-Modified = {2020-08-05 10:23:56 -0400},
	Fjournal = {Reprints in Theory and Applications of Categories},
	Journal = {Repr. Theory Appl. Categ.},
	Mrclass = {18-02 (03G30 18B25 18C10 18C15)},
	Mrnumber = {2178101},
	Note = {Corrected reprint of the 1985 original [MR0771116]},
	Number = {12},
	Pages = {x+288},
	Title = {Toposes, triples and theories},
	Url = {https://mathscinet.ams.org/mathscinet-getitem?mr=2178101},
	Year = {2005},
	Bdsk-Url-1 = {https://mathscinet.ams.org/mathscinet-getitem?mr=2178101}}

@book{BarrWells1990,
	Author = {Barr, Michael and Wells, Charles},
	Date-Added = {2020-08-05 10:22:22 -0400},
	Date-Modified = {2020-08-05 10:24:26 -0400},
	Isbn = {0-13-120486-6},
	Mrclass = {18-01 (68Q45 68Q55 68R10)},
	Mrnumber = {1094561},
	Mrreviewer = {Jack Weinstein},
	Pages = {xvi+432},
	Publisher = {Prentice Hall International, New York},
	Series = {Prentice Hall International Series in Computer Science},
	Title = {Category Theory for Computing Science},
	Url = {https://mathscinet.ams.org/mathscinet-getitem?mr=1094561},
	Year = {1990},
	Bdsk-Url-1 = {https://mathscinet.ams.org/mathscinet-getitem?mr=1094561}}

@article{Baues2002,
	Author = {Baues, Hans-Joachim},
	Coden = {JDMVA7},
	Date-Added = {2020-08-04 16:20:19 -0400},
	Date-Modified = {2020-08-04 16:20:19 -0400},
	Fjournal = {Jahresbericht der Deutschen Mathematiker-Vereinigung},
	Issn = {0012-0456},
	Journal = {Jahresber. Deutsch. Math.-Verein.},
	Mrclass = {55P15 (55Q45)},
	Mrnumber = {MR1954197 (2004h:55002)},
	Number = {4},
	Pages = {147--164},
	Title = {Atoms of topology},
	Volume = {104},
	Year = {2002}}

@incollection{Seely1989,
	Author = {Seely, R. A. G.},
	Booktitle = {Categories in Computer Science and Logic ({B}oulder, {CO}, 1987)},
	Date-Added = {2020-08-04 15:42:17 -0400},
	Date-Modified = {2020-08-04 15:42:39 -0400},
	Doi = {10.1090/conm/092/1003210},
	Mrclass = {03G30 (03B45 18A15)},
	Mrnumber = {1003210},
	Mrreviewer = {G. E. Mints},
	Pages = {371--382},
	Publisher = {Amer. Math. Soc., Providence, RI},
	Series = {Contemp. Math.},
	Title = {Linear logic, {$*$}-autonomous categories and cofree coalgebras},
	Url = {https://mathscinet.ams.org/mathscinet-getitem?mr=1003210},
	Volume = {92},
	Year = {1989},
	Bdsk-Url-1 = {https://mathscinet.ams.org/mathscinet-getitem?mr=1003210}}

@incollection{Lafont1988,
	Author = {Lafont, Y.},
	Date-Added = {2020-08-04 15:41:03 -0400},
	Date-Modified = {2020-08-04 15:41:21 -0400},
	Doi = {10.1016/0304-3975(88)90100-4},
	Fjournal = {Theoretical Computer Science},
	Issn = {0304-3975},
	Journal = {Theoret. Comput. Sci.},
	Mrclass = {68Q55 (03B40 03B70 68N05 68Q05)},
	Mrnumber = {968905},
	Mrreviewer = {Vladimir Sazonov},
	Note = {International Joint Conference on Theory and Practice of Software Development (Pisa, 1987)},
	Number = {1-2},
	Pages = {157--180},
	Title = {The linear abstract machine},
	Url = {https://mathscinet.ams.org/mathscinet-getitem?mr=968905},
	Volume = {59},
	Year = {1988},
	Bdsk-Url-1 = {https://mathscinet.ams.org/mathscinet-getitem?mr=968905}}

@misc{Mellies2020,
	Author = {Melli{\`e}s, P A},
	Date-Added = {2020-08-04 15:35:22 -0400},
	Date-Modified = {2020-08-04 15:36:04 -0400},
	Journal = {irif.fr},
	Title = {{A Functorial Excursion Between Algebraic Geometry and Linear Logic}}}

@incollection{Mellies09,
	Author = {Paul-Andr{\'{e}} Melli{\`{e}}s},
	Booktitle = {Interactive models of computation and program behaviour},
	Date-Added = {2020-08-03 15:52:25 -0400},
	Date-Modified = {2020-08-04 16:30:20 -0400},
	Editor = {Curien, Pierre-Louis and Herbelin, Hugo and Krivine, Jean-Louis and Paul-Andr{\'e} M{\'e}llies},
	Number = {27},
	Pages = {1 -- 196},
	Publisher = {Soci{\'{e}}t{\'{e}} Math{\'{e}}matique de France},
	Series = {Panoramas et Synth{\`{e}}ses},
	Title = {Categorical semantics of linear logic},
	Year = {2009}}

@article{Bluteetal2020,
	Author = {Blute, R. F. and Cockett, J. R. B. and Lemay, J.-S. P. and Seely, R. A. G.},
	Date-Added = {2020-08-03 15:29:50 -0400},
	Date-Modified = {2020-08-04 16:13:16 -0400},
	Fjournal = {Applied Categorical Structures. A Journal Devoted to Applications of Categorical Methods in Algebra, Analysis, Order, Topology and Computer Science},
	Journal = {Appl. Categ. Structures},
	Mrclass = {18F40 (16T15)},
	Number = {2},
	Pages = {171--235},
	Title = {Differential categories revisited},
	Volume = {28},
	Year = {2020},
	Bdsk-Url-1 = {https://mathscinet.ams.org/mathscinet-getitem?mr=4077240}}

@incollection{BluteScott2004,
	Author = {Blute, Richard and Scott, Philip},
	Booktitle = {Linear Logic in Computer Science},
	Date-Added = {2020-08-03 15:16:12 -0400},
	Date-Modified = {2020-08-04 15:32:48 -0400},
	Doi = {10.1017/CBO9780511550850.002},
	Mrclass = {03F52 (18D15)},
	Mrnumber = {2177046},
	Pages = {3--64},
	Publisher = {Cambridge Univ. Press, Cambridge},
	Series = {London Math. Soc. Lecture Note Ser.},
	Title = {Category theory for linear logicians},
	Url = {https://mathscinet.ams.org/mathscinet-getitem?mr=2177046},
	Volume = {316},
	Year = {2004},
	Bdsk-Url-1 = {https://mathscinet.ams.org/mathscinet-getitem?mr=2177046}}

@article{Bluteetal2015,
	Author = {Blute, R. and Cockett, J. R. B. and Seely, R. A. G.},
	Date-Added = {2020-08-03 15:14:40 -0400},
	Date-Modified = {2020-08-04 16:12:00 -0400},
	Fjournal = {Theory and Applications of Categories},
	Journal = {Theory Appl. Categ.},
	Mrclass = {18D10 (03B40 03F52 18C20)},
	Mrnumber = {3346979},
	Mrreviewer = {Graham White},
	Pages = {Paper No. 18, 620--687},
	Title = {Cartesian differential storage categories},
	Url = {https://mathscinet.ams.org/mathscinet-getitem?mr=3346979},
	Volume = {30},
	Year = {2015},
	Bdsk-Url-1 = {https://mathscinet.ams.org/mathscinet-getitem?mr=3346979}}

@article{Girard1987,
	Author = {Girard, Jean-Yves},
	Date-Added = {2020-08-03 15:14:30 -0400},
	Date-Modified = {2020-08-04 15:31:34 -0400},
	Doi = {10.1016/0304-3975(87)90045-4},
	Fjournal = {Theoretical Computer Science},
	Issn = {0304-3975},
	Journal = {Theoret. Comput. Sci.},
	Mrclass = {03F50 (03B70 68Q99)},
	Mrnumber = {899269},
	Mrreviewer = {G. E. Mints},
	Number = {1},
	Pages = {101},
	Title = {Linear logic},
	Url = {https://mathscinet.ams.org/mathscinet-getitem?mr=899269},
	Volume = {50},
	Year = {1987},
	Bdsk-Url-1 = {https://mathscinet.ams.org/mathscinet-getitem?mr=899269}}

@incollection{Bierman1995,
	Author = {Bierman, G. M.},
	Booktitle = {Typed Lambda Calculi and Applications ({E}dinburgh, 1995)},
	Date-Added = {2020-08-03 15:14:27 -0400},
	Date-Modified = {2020-08-04 15:32:06 -0400},
	Doi = {10.1007/BFb0014046},
	Mrclass = {03F50},
	Mrnumber = {1477976},
	Pages = {78--93},
	Publisher = {Springer, Berlin},
	Series = {Lecture Notes in Comput. Sci.},
	Title = {What is a categorical model of intuitionistic linear logic?},
	Url = {https://mathscinet.ams.org/mathscinet-getitem?mr=1477976},
	Volume = {902},
	Year = {1995},
	Bdsk-Url-1 = {https://mathscinet.ams.org/mathscinet-getitem?mr=1477976}}

@incollection{DePaiva2014,
	Author = {de Paiva, Valeria},
	Booktitle = {Advances in Natural Deduction},
	Date-Added = {2020-08-03 15:04:36 -0400},
	Date-Modified = {2020-08-04 15:33:17 -0400},
	Doi = {10.1007/978-94-007-7548-0_9},
	Mrclass = {03F52 (18C50)},
	Mrnumber = {3222982},
	Mrreviewer = {Gianfranco Mascari},
	Pages = {181--192},
	Publisher = {Springer, Dordrecht},
	Series = {Trends Log. Stud. Log. Libr.},
	Title = {Categorical semantics of linear logic for all},
	Url = {https://mathscinet.ams.org/mathscinet-getitem?mr=3222982},
	Volume = {39},
	Year = {2014},
	Bdsk-Url-1 = {https://mathscinet.ams.org/mathscinet-getitem?mr=3222982}}

@book{Riehl2017,
	Address = {Mineola},
	Author = {Riehl, Emily},
	Date-Added = {2020-08-03 11:48:54 -0400},
	Date-Modified = {2020-08-03 11:56:11 -0400},
	Publisher = {Dover Publications},
	Title = {Category Theory in Context},
	Year = {2017}}

@book{MacLane1998,
	Address = {New York},
	Author = {Mac Lane, Saunders},
	Date-Added = {2020-08-03 11:31:47 -0400},
	Date-Modified = {2020-08-03 11:31:47 -0400},
	Edition = {2},
	Publisher = {Springer-Verlag},
	Series = {Graduate Texts in Mathematics},
	Title = {Categories for the Working Mathematician},
	Volume = {5},
	Year = {1998}}

@book{Corry2004,
	Author = {Corry, Leo},
	Date-Added = {2020-08-03 11:06:00 -0400},
	Date-Modified = {2020-08-03 11:06:00 -0400},
	Edition = {Second},
	Mrclass = {01A60 (03A05 03B30)},
	Mrnumber = {2033171},
	Pages = {xvi+451},
	Publisher = {Birkh\"{a}user Verlag, Basel},
	Title = {Modern Algebra and the Rise of Mathematical Structures},
	Year = {2004},
	Bdsk-Url-1 = {https://mathscinet.ams.org/mathscinet-getitem?mr=2033171}}

@book{Reck:2020,
	Address = {Oxford},
	Date-Added = {2020-08-03 11:03:48 -0400},
	Date-Modified = {2020-08-03 11:04:37 -0400},
	Editor = {Reck, E H and Schiemer, G},
	Publisher = {Oxford University Press},
	Title = {{The Prehistory of Mathematical Structuralism}},
	Year = {2020}}

@book{Borceux1994,
	Author = {Borceux, Francis},
	Date-Added = {2020-02-26 13:12:10 -0500},
	Date-Modified = {2020-02-26 13:12:59 -0500},
	Isbn = {0-521-44179-X},
	Mrclass = {18-02 (18Exx)},
	Mrnumber = {1313497},
	Mrreviewer = {Martin Hyland},
	Note = {Categories and structures},
	Pages = {xviii+443},
	Publisher = {Cambridge University Press, Cambridge},
	Series = {Encyclopedia of Mathematics and its Applications},
	Title = {Handbook of Categorical Algebra. 2},
	Url = {https://mathscinet.ams.org/mathscinet-getitem?mr=1313497},
	Volume = {51},
	Year = {1994},
	Bdsk-Url-1 = {https://mathscinet.ams.org/mathscinet-getitem?mr=1313497}}

@book{Johnstone2002,
	Author = {Johnstone, Peter T.},
	Date-Added = {2020-02-26 13:05:34 -0500},
	Date-Modified = {2020-02-26 13:13:22 -0500},
	Isbn = {0-19-853425-6},
	Mrclass = {18B25 (18-02)},
	Mrnumber = {1953060},
	Mrreviewer = {Colin McLarty},
	Pages = {xxii+468+71},
	Publisher = {The Clarendon Press, Oxford University Press, New York},
	Series = {Oxford Logic Guides},
	Title = {Sketches of an Elephant: A Topos Theory Compendium. {V}ol. 1},
	Url = {https://mathscinet.ams.org/mathscinet-getitem?mr=1953060},
	Volume = {43},
	Year = {2002},
	Bdsk-Url-1 = {https://mathscinet.ams.org/mathscinet-getitem?mr=1953060}}

@book{MacLane1994,
	Author = {Mac Lane, Saunders and Moerdijk, Ieke},
	Date-Added = {2020-02-26 13:04:14 -0500},
	Date-Modified = {2020-02-26 13:12:33 -0500},
	Isbn = {0-387-97710-4},
	Mrclass = {03G30 (18B25 54B40)},
	Mrnumber = {1300636},
	Mrreviewer = {M. Makkai},
	Note = {A first introduction to topos theory, Corrected reprint of the 1992 edition},
	Pages = {xii+629},
	Publisher = {Springer-Verlag, New York},
	Series = {Universitext},
	Title = {Sheaves in Geometry and Logic},
	Url = {https://mathscinet.ams.org/mathscinet-getitem?mr=1300636},
	Year = {1994},
	Bdsk-Url-1 = {https://mathscinet.ams.org/mathscinet-getitem?mr=1300636}}

@book{HoTT2013,
	Author = {The Univalent Foundations Program},
	Date-Added = {2020-02-26 11:58:37 -0500},
	Date-Modified = {2020-02-26 11:59:11 -0500},
	Mrclass = {03-02 (03B15 55U35)},
	Mrnumber = {3204653},
	Mrreviewer = {Julio Rubio},
	Pages = {xiv+589},
	Publisher = {The Univalent Foundations Program, Princeton, NJ; Institute for Advanced Study (IAS), Princeton, NJ},
	Title = {Homotopy Type Theory---Univalent Foundations of Mathematics},
	Url = {https://mathscinet.ams.org/mathscinet-getitem?mr=3204653},
	Year = {2013},
	Bdsk-Url-1 = {https://mathscinet.ams.org/mathscinet-getitem?mr=3204653}}

@article{Kapulkin2018,
	Author = {Kapulkin, Krzysztof and Lumsdaine, Peter LeFanu},
	Date-Added = {2020-02-26 11:50:43 -0500},
	Date-Modified = {2020-02-26 11:50:53 -0500},
	Doi = {10.1016/j.aim.2018.08.003},
	Fjournal = {Advances in Mathematics},
	Issn = {0001-8708},
	Journal = {Adv. Math.},
	Mrclass = {55U35 (03B15 18C50 18G55)},
	Mrnumber = {3853043},
	Mrreviewer = {Fredrik Nordvall Forsberg},
	Pages = {1--38},
	Title = {The homotopy theory of type theories},
	Url = {https://doi.org/10.1016/j.aim.2018.08.003},
	Volume = {337},
	Year = {2018},
	Bdsk-Url-1 = {https://doi.org/10.1016/j.aim.2018.08.003}}

@misc{Joyal2017,
	Archiveprefix = {arXiv},
	Author = {Andre Joyal},
	Date-Added = {2020-02-26 11:26:37 -0500},
	Date-Modified = {2020-02-26 11:26:52 -0500},
	Eprint = {1710.10238},
	Primaryclass = {math.CT},
	Title = {Notes on Clans and Tribes},
	Year = {2017}}

@article{Boileau1981,
	Author = {Boileau, Andr\'{e} and Joyal, Andr\'{e}},
	Date-Added = {2020-02-26 11:20:14 -0500},
	Date-Modified = {2020-02-26 11:20:33 -0500},
	Doi = {10.2307/2273251},
	Fjournal = {The Journal of Symbolic Logic},
	Issn = {0022-4812},
	Journal = {J. Symbolic Logic},
	Mrclass = {03G30 (18B25)},
	Mrnumber = {604873},
	Mrreviewer = {Gavin Wraith},
	Number = {1},
	Pages = {6--16},
	Title = {La logique des topos},
	Url = {https://mathscinet.ams.org/mathscinet-getitem?mr=604873},
	Volume = {46},
	Year = {1981},
	Bdsk-Url-1 = {https://mathscinet.ams.org/mathscinet-getitem?mr=604873}}

@book{Lambek1988,
	Author = {Lambek, J. and Scott, P. J.},
	Date-Added = {2020-02-26 11:17:39 -0500},
	Date-Modified = {2020-02-26 11:20:51 -0500},
	Isbn = {0-521-35653-9},
	Mrclass = {03B40 (03-02 03B15 03G30 18-02 18B25 18D15)},
	Mrnumber = {939612},
	Note = {Reprint of the 1986 original},
	Pages = {x+293},
	Publisher = {Cambridge University Press, Cambridge},
	Series = {Cambridge Studies in Advanced Mathematics},
	Title = {Introduction to Higher Order Categorical Logic},
	Url = {https://mathscinet.ams.org/mathscinet-getitem?mr=939612},
	Volume = {7},
	Year = {1988},
	Bdsk-Url-1 = {https://mathscinet.ams.org/mathscinet-getitem?mr=939612}}

@article{Lair1981,
	Author = {Lair, C.},
	Date-Added = {2020-02-26 10:34:07 -0500},
	Date-Modified = {2020-02-26 10:34:38 -0500},
	Fjournal = {Diagrammes},
	Issn = {0224-3911},
	Journal = {Diagrammes},
	Mrclass = {18A99 (03C52)},
	Mrnumber = {684535},
	Pages = {L1--L20},
	Title = {Cat\'{e}gories modelables et cat\'{e}gories esquissables},
	Url = {https://mathscinet.ams.org/mathscinet-getitem?mr=684535},
	Volume = {6},
	Year = {1981},
	Bdsk-Url-1 = {https://mathscinet.ams.org/mathscinet-getitem?mr=684535}}

@book{Makkai1989,
	Author = {Makkai, Michael and Par\'{e}, Robert},
	Date-Added = {2020-02-26 10:33:00 -0500},
	Date-Modified = {2020-02-26 10:34:29 -0500},
	Doi = {10.1090/conm/104},
	Isbn = {0-8218-5111-X},
	Mrclass = {03G30 (03C75 03C95 18B25 18C10 18D05 18F10)},
	Mrnumber = {1031717},
	Mrreviewer = {Horst Reichel},
	Pages = {viii+176},
	Publisher = {American Mathematical Society, Providence, RI},
	Series = {Contemporary Mathematics},
	Title = {Accessible Categories: The Foundations of Categorical Model Theory},
	Url = {https://mathscinet.ams.org/mathscinet-getitem?mr=1031717},
	Volume = {104},
	Year = {1989},
	Bdsk-Url-1 = {https://mathscinet.ams.org/mathscinet-getitem?mr=1031717}}

@article{Ehresmann1967,
	Author = {Ehresmann, Charles},
	Date-Added = {2020-02-25 15:58:31 -0500},
	Date-Modified = {2020-02-25 16:02:52 -0500},
	Fjournal = {Comptes Rendus Hebdomadaires des S\'{e}ances de l'Acad\'{e}mie des Sciences. S\'{e}ries A et B},
	Issn = {0151-0509},
	Journal = {C. R. Acad. Sci. Paris S\'{e}r. A-B},
	Mrclass = {18.10 (08.00)},
	Mrnumber = {217140},
	Mrreviewer = {J. Sonner},
	Pages = {A840--A843},
	Title = {Sur les structures alg\'{e}briques},
	Url = {https://mathscinet.ams.org/mathscinet-getitem?mr=217140},
	Volume = {264},
	Year = {1967},
	Bdsk-Url-1 = {https://mathscinet.ams.org/mathscinet-getitem?mr=217140}}

@article{Ehresmann1968,
	Author = {Ehresmann, Charles},
	Date-Added = {2020-02-25 11:46:32 -0500},
	Date-Modified = {2020-02-25 11:47:04 -0500},
	Fjournal = {Buletinul Institutului Politehnic din Ia\c{s}i. Serie Nou\u{a}},
	Issn = {0032-6100},
	Journal = {Bul. Inst. Politehn. Ia\c{s}i (N.S.)},
	Mrclass = {18.10},
	Mrnumber = {238918},
	Mrreviewer = {J. Sonner},
	Number = {fasc., fasc. 1-2},
	Pages = {1--14},
	Title = {Esquisses et types des structures alg\'{e}briques},
	Url = {https://mathscinet.ams.org/mathscinet-getitem?mr=238918},
	Volume = {14(18)},
	Year = {1968},
	Bdsk-Url-1 = {https://mathscinet.ams.org/mathscinet-getitem?mr=238918}}

@article{Lair1987,
	Author = {Lair, C.},
	Date-Added = {2020-02-25 11:44:28 -0500},
	Date-Modified = {2020-02-25 16:05:19 -0500},
	Fjournal = {Diagrammes},
	Issn = {0224-3911},
	Journal = {Diagrammes},
	Mrclass = {18C10},
	Mrnumber = {944790},
	Mrreviewer = {Saunders Mac Lane},
	Pages = {CL1--CL47},
	Title = {Trames et s\'{e}mantiques cat\'{e}goriques des syst{\`e}mes de trames},
	Url = {https://mathscinet.ams.org/mathscinet-getitem?mr=944790},
	Volume = {18},
	Year = {1987},
	Bdsk-Url-1 = {https://mathscinet.ams.org/mathscinet-getitem?mr=944790}}

@article{Lair2003,
	Author = {Lair, C.},
	Date-Added = {2020-02-25 11:44:14 -0500},
	Date-Modified = {2020-02-25 16:03:55 -0500},
	Fjournal = {Diagrammes},
	Issn = {0224-3911},
	Journal = {Diagrammes},
	Mrclass = {18C10 (18A10 18A35)},
	Mrnumber = {2104014},
	Mrreviewer = {Carsten Butz},
	Pages = {58},
	Title = {\'{E}l\'{e}ments de th\'{e}orie des esquisses. {III}. {E}squisses},
	Url = {https://mathscinet.ams.org/mathscinet-getitem?mr=2104014},
	Volume = {49/50},
	Year = {2003},
	Bdsk-Url-1 = {https://mathscinet.ams.org/mathscinet-getitem?mr=2104014}}

@article{Lair2002,
	Author = {Lair, C.},
	Date-Added = {2020-02-25 11:44:12 -0500},
	Date-Modified = {2020-02-25 16:03:37 -0500},
	Fjournal = {Diagrammes},
	Issn = {0224-3911},
	Journal = {Diagrammes},
	Mrclass = {18C10 (18A10 18A35)},
	Mrnumber = {2104013},
	Mrreviewer = {Carsten Butz},
	Pages = {34},
	Title = {\'{E}l\'{e}ments de th\'{e}orie des esquisses. {II}. {S}yst{\`e}mes tensoriels et syst{\`e}mes enrichis de graphes {\`a} composition},
	Url = {https://mathscinet.ams.org/mathscinet-getitem?mr=2104013},
	Volume = {47/48},
	Year = {2002},
	Bdsk-Url-1 = {https://mathscinet.ams.org/mathscinet-getitem?mr=2104013}}

@article{Lair2001,
	Author = {Lair, C.},
	Date-Added = {2020-02-25 11:44:09 -0500},
	Date-Modified = {2020-02-25 16:03:26 -0500},
	Fjournal = {Diagrammes},
	Issn = {0224-3911},
	Journal = {Diagrammes},
	Mrclass = {18C10 (18A10 18A35)},
	Mrnumber = {2102295},
	Mrreviewer = {Carsten Butz},
	Pages = {3--33},
	Title = {\'{E}l\'{e}ments de th\'{e}orie des esquisses. {I}. {G}raphes {\`a} composition},
	Url = {https://mathscinet.ams.org/mathscinet-getitem?mr=2102295},
	Volume = {45/46},
	Year = {2001},
	Bdsk-Url-1 = {https://mathscinet.ams.org/mathscinet-getitem?mr=2102295}}

@unpublished{Lurie2019,
	Author = {Lurie, Jacob},
	Date-Added = {2020-02-23 16:04:25 -0500},
	Date-Modified = {2020-02-23 16:06:41 -0500},
	Note = {https://www.math.ias.edu/~lurie/papers/Conceptual.pdf},
	Title = {Ultracategories},
	Year = {2019}}

@article{Espindola2019,
	Author = {Esp\'{\i}ndola, Christian},
	Date-Added = {2020-02-23 14:35:01 -0500},
	Date-Modified = {2020-02-23 14:37:10 -0500},
	Doi = {10.1016/j.apal.2018.09.002},
	Fjournal = {Annals of Pure and Applied Logic},
	Issn = {0168-0072},
	Journal = {Ann. Pure Appl. Logic},
	Mrclass = {03G30 (03C75 03E55 18B25 18C50)},
	Mrnumber = {3913150},
	Mrreviewer = {Amit Shekhar Kuber},
	Number = {2},
	Pages = {137--162},
	Title = {Infinitary first-order categorical logic},
	Url = {https://mathscinet.ams.org/mathscinet-getitem?mr=3913150},
	Volume = {170},
	Year = {2019},
	Bdsk-Url-1 = {https://mathscinet.ams.org/mathscinet-getitem?mr=3913150}}

@article{Makkai1990,
	Author = {Makkai, Michael},
	Date-Added = {2020-02-23 14:33:43 -0500},
	Date-Modified = {2020-02-23 14:37:37 -0500},
	Doi = {10.1016/0168-0072(90)90036-2},
	Fjournal = {Annals of Pure and Applied Logic},
	Issn = {0168-0072},
	Journal = {Ann. Pure Appl. Logic},
	Mrclass = {18B15 (03C35 03G30)},
	Mrnumber = {1058298},
	Mrreviewer = {R. H. Street},
	Number = {3},
	Pages = {225--268},
	Title = {A theorem on {B}arr-exact categories, with an infinitary generalization},
	Url = {https://mathscinet.ams.org/mathscinet-getitem?mr=1058298},
	Volume = {47},
	Year = {1990},
	Bdsk-Url-1 = {https://mathscinet.ams.org/mathscinet-getitem?mr=1058298}}

@article{Awodey2013,
	Author = {Awodey, Steve and Forssell, Henrik},
	Date-Added = {2020-02-22 16:54:44 -0500},
	Date-Modified = {2020-02-22 16:56:45 -0500},
	Doi = {10.1016/j.apal.2012.10.016},
	Fjournal = {Annals of Pure and Applied Logic},
	Issn = {0168-0072},
	Journal = {Ann. Pure Appl. Logic},
	Mrclass = {03G30 (18B25 18C10 18C50)},
	Mrnumber = {3001549},
	Mrreviewer = {Juan Climent Vidal},
	Number = {3},
	Pages = {319--348},
	Title = {First-order logical duality},
	Url = {https://mathscinet.ams.org/mathscinet-getitem?mr=3001549},
	Volume = {164},
	Year = {2013},
	Bdsk-Url-1 = {https://mathscinet.ams.org/mathscinet-getitem?mr=3001549}}

@article{Pitts1983,
	Author = {Pitts, A. M.},
	Date-Added = {2020-02-22 16:50:53 -0500},
	Date-Modified = {2020-02-22 16:57:04 -0500},
	Doi = {10.1016/0022-4049(83)90047-6},
	Fjournal = {Journal of Pure and Applied Algebra},
	Issn = {0022-4049},
	Journal = {J. Pure Appl. Algebra},
	Mrclass = {03G30 (03C40 03F55 18B25)},
	Mrnumber = {715215},
	Mrreviewer = {Anna Labella},
	Number = {3},
	Pages = {313--326},
	Title = {An application of open maps to categorical logic},
	Url = {https://mathscinet.ams.org/mathscinet-getitem?mr=715215},
	Volume = {29},
	Year = {1983},
	Bdsk-Url-1 = {https://mathscinet.ams.org/mathscinet-getitem?mr=715215}}

@incollection{Pitts1987,
	Author = {Pitts, Andrew M.},
	Booktitle = {Mathematical Logic and Theoretical Computer Science ({C}ollege {P}ark, {M}d., 1984--1985)},
	Date-Added = {2020-02-22 16:50:04 -0500},
	Date-Modified = {2020-02-22 16:57:20 -0500},
	Mrclass = {03G30 (18B25)},
	Mrnumber = {930686},
	Pages = {301--327},
	Publisher = {Dekker, New York},
	Series = {Lecture Notes in Pure and Appl. Math.},
	Title = {Interpolation and conceptual completeness for pretoposes via category theory},
	Url = {https://mathscinet.ams.org/mathscinet-getitem?mr=930686},
	Volume = {106},
	Year = {1987},
	Bdsk-Url-1 = {https://mathscinet.ams.org/mathscinet-getitem?mr=930686}}

@article{Pitts1989,
	Author = {Pitts, Andrew M.},
	Date-Added = {2020-02-22 16:49:41 -0500},
	Date-Modified = {2020-02-22 16:57:34 -0500},
	Doi = {10.1016/0168-0072(89)90007-9},
	Fjournal = {Annals of Pure and Applied Logic},
	Issn = {0168-0072},
	Journal = {Ann. Pure Appl. Logic},
	Mrclass = {03G30 (03F25 03F55)},
	Mrnumber = {977811},
	Mrreviewer = {Ieke Moerdijk},
	Number = {1},
	Pages = {33--81},
	Title = {Conceptual completeness for first-order intuitionistic logic: an application of categorical logic},
	Url = {https://mathscinet.ams.org/mathscinet-getitem?mr=977811},
	Volume = {41},
	Year = {1989},
	Bdsk-Url-1 = {https://mathscinet.ams.org/mathscinet-getitem?mr=977811}}

@article{Pitts1992,
	Author = {Pitts, Andrew M.},
	Date-Added = {2020-02-22 16:48:34 -0500},
	Date-Modified = {2020-02-22 16:57:58 -0500},
	Doi = {10.2307/2275175},
	Fjournal = {The Journal of Symbolic Logic},
	Issn = {0022-4812},
	Journal = {J. Symbolic Logic},
	Mrclass = {03B15 (03B20 03G25)},
	Mrnumber = {1150924},
	Mrreviewer = {Wim Veldman},
	Number = {1},
	Pages = {33--52},
	Title = {On an interpretation of second-order quantification in first-order intuitionistic propositional logic},
	Url = {https://mathscinet.ams.org/mathscinet-getitem?mr=1150924},
	Volume = {57},
	Year = {1992},
	Bdsk-Url-1 = {https://mathscinet.ams.org/mathscinet-getitem?mr=1150924}}

@article{MR1059248,
	Author = {Pitts, Andrew M. and Taylor, Paul},
	Date-Added = {2020-02-18 16:14:27 -0500},
	Date-Modified = {2020-02-18 16:14:27 -0500},
	Doi = {10.1007/BF00370830},
	Fjournal = {Polish Academy of Sciences. Institute of Philosophy and Sociology. Studia Logica. An International Journal for Symbolic Logic},
	Issn = {0039-3215},
	Journal = {Studia Logica},
	Mrclass = {03B15 (03B40 03D99 03F07 03G30 18A15)},
	Mrnumber = {1059248},
	Mrreviewer = {Edmund Robinson},
	Number = {3},
	Pages = {377--387},
	Title = {A note on {R}ussell's paradox in locally {C}artesian closed categories},
	Url = {https://mathscinet.ams.org/mathscinet-getitem?mr=1059248},
	Volume = {48},
	Year = {1989},
	Bdsk-Url-1 = {https://mathscinet.ams.org/mathscinet-getitem?mr=1059248}}

@article{Pavlovic1992,
	Author = {Pavlovi\'{c}, Du\v{s}ko},
	Date-Added = {2020-02-18 16:14:12 -0500},
	Date-Modified = {2020-02-25 14:56:24 -0500},
	Doi = {10.1007/BF01277482},
	Fjournal = {Archive for Mathematical Logic},
	Issn = {0933-5846},
	Journal = {Arch. Math. Logic},
	Mrclass = {03B40 (03G30)},
	Mrnumber = {1175934},
	Mrreviewer = {Bart Jacobs},
	Number = {6},
	Pages = {397--406},
	Title = {On the structure of paradoxes},
	Url = {https://mathscinet.ams.org/mathscinet-getitem?mr=1175934},
	Volume = {31},
	Year = {1992},
	Bdsk-Url-1 = {https://mathscinet.ams.org/mathscinet-getitem?mr=1175934}}

@article{Yanofsky2003,
	Author = {Yanofsky, Noson S.},
	Date-Added = {2020-02-18 16:13:20 -0500},
	Date-Modified = {2020-02-18 16:17:35 -0500},
	Doi = {10.2178/bsl/1058448677},
	Fjournal = {The Bulletin of Symbolic Logic},
	Issn = {1079-8986},
	Journal = {Bull. Symbolic Logic},
	Mrclass = {03E99 (03-02 03A05 03F40 18C50)},
	Mrnumber = {2005954},
	Mrreviewer = {John L. Bell},
	Number = {3},
	Pages = {362--386},
	Title = {A universal approach to self-referential paradoxes, incompleteness and fixed points},
	Url = {https://mathscinet.ams.org/mathscinet-getitem?mr=2005954},
	Volume = {9},
	Year = {2003},
	Bdsk-Url-1 = {https://mathscinet.ams.org/mathscinet-getitem?mr=2005954}}

@article{Maietti2010,
	Author = {Maietti, Maria Emilia},
	Date-Added = {2020-02-18 15:52:59 -0500},
	Date-Modified = {2020-02-18 15:54:20 -0500},
	Fjournal = {Theory and Applications of Categories},
	Journal = {Theory Appl. Categ.},
	Mrclass = {03G30 (03B15 03F55 18C50)},
	Mrnumber = {2610177},
	Mrreviewer = {Wim Ruitenburg},
	Pages = {No. 3, 39--83},
	Title = {Joyal's arithmetic universe as list-arithmetic pretopos},
	Url = {https://mathscinet.ams.org/mathscinet-getitem?mr=2610177},
	Volume = {24},
	Year = {2010},
	Bdsk-Url-1 = {https://mathscinet.ams.org/mathscinet-getitem?mr=2610177}}

@book{Ghilardi2002,
	Author = {Ghilardi, Silvio and Zawadowski, Marek},
	Date-Added = {2020-02-18 10:46:57 -0500},
	Date-Modified = {2020-02-18 10:51:33 -0500},
	Doi = {10.1007/978-94-015-9936-8},
	Isbn = {1-4020-0660-8},
	Mrclass = {03-02 (03B45 03B55 03G30 06-02 06D20 06E25)},
	Mrnumber = {2041391},
	Mrreviewer = {Leo Esakia},
	Note = {A categorical approach to nonclassical propositional logics},
	Pages = {x+243},
	Publisher = {Kluwer Academic Publishers, Dordrecht},
	Series = {Trends in Logic---Studia Logica Library},
	Title = {Sheaves, Games, and Model Completions},
	Url = {https://mathscinet.ams.org/mathscinet-getitem?mr=2041391},
	Volume = {14},
	Year = {2002},
	Bdsk-Url-1 = {https://mathscinet.ams.org/mathscinet-getitem?mr=2041391}}

@article{LandryMarquis2005,
	Author = {Landry, E. and Marquis, J.-P.},
	Date-Added = {2020-02-12 15:30:07 -0500},
	Date-Modified = {2020-02-12 15:30:07 -0500},
	Journal = {Philos. Math. (3)},
	Number = {1},
	Pages = {1--43},
	Title = {Categories in Context: Historical, Foundational and Philosophical},
	Volume = {13},
	Year = {2005}}

@article{Marquis2016,
	Author = {Marquis, Jean-Pierre},
	Date-Added = {2020-02-12 11:30:15 -0500},
	Date-Modified = {2020-02-12 11:30:15 -0500},
	Journal = {The Mathematical Intelligencer},
	Month = aug,
	Number = {3},
	Pages = {41-51},
	Title = {{Stairway to Heaven: The Abstract Method and Levels of Abstraction in Mathematics}},
	Volume = {38},
	Year = {2016}}

@inproceedings{Marquis2014,
	Address = {London},
	Author = {Marquis, Jean-Pierre},
	Booktitle = {Logic, Methodology and Philosophy of Science, Proceedings of the Fourteen International Congress},
	Date-Added = {2020-02-12 11:30:11 -0500},
	Date-Modified = {2020-02-12 11:30:11 -0500},
	Editor = {P-E Bour; G. Heinzmann; W. Hodges; P. Schroeder-Heister},
	Pages = {299-322},
	Publisher = {College Publications},
	Title = {Mathematical abstraction, conceptual variation and identity},
	Year = {2015}}

@book{HenkinTarski1971,
	Author = {Henkin, Leon and Monk, J. Donald and Tarski, Alfred},
	Date-Added = {2020-02-12 11:09:20 -0500},
	Date-Modified = {2020-02-12 11:11:09 -0500},
	Mrclass = {02J15 (02-01)},
	Mrnumber = {0314620},
	Mrreviewer = {A. Preller},
	Note = {Studies in Logic and the Foundations of Mathematics, Vol. 64},
	Pages = {vi+508},
	Publisher = {North-Holland Publishing Co., Amsterdam-London},
	Title = {Cylindric Algebras. {P}art {I}. {W}ith an Introductory chapter: {G}eneral Theory of Algebras},
	Url = {https://mathscinet.ams.org/mathscinet-getitem?mr=0314620},
	Year = {1971},
	Bdsk-Url-1 = {https://mathscinet.ams.org/mathscinet-getitem?mr=0314620}}

@inproceedings{HenkinTarski1961,
	Author = {Henkin, Leon and Tarski, Alfred},
	Booktitle = {Proc. {S}ympos. {P}ure {M}ath., {V}ol. {II}},
	Date-Added = {2020-02-12 11:07:27 -0500},
	Date-Modified = {2020-02-12 11:10:55 -0500},
	Mrclass = {02.48 (06.00)},
	Mrnumber = {0124250},
	Mrreviewer = {B. A. Galler},
	Pages = {83--113},
	Publisher = {American Mathematical Society, Providence, R.I.},
	Title = {Cylindric algebras},
	Url = {https://mathscinet.ams.org/mathscinet-getitem?mr=0124250},
	Year = {1961},
	Bdsk-Url-1 = {https://mathscinet.ams.org/mathscinet-getitem?mr=0124250}}

@article{JonssonTarski1952,
	Author = {J\'{o}nsson, Bjarni and Tarski, Alfred},
	Date-Added = {2020-02-12 11:05:05 -0500},
	Date-Modified = {2020-02-12 11:10:44 -0500},
	Doi = {10.2307/2372074},
	Fjournal = {American Journal of Mathematics},
	Issn = {0002-9327},
	Journal = {Amer. J. Math.},
	Mrclass = {09.1X},
	Mrnumber = {45086},
	Mrreviewer = {R. C. Lyndon},
	Pages = {127--162},
	Title = {Boolean algebras with operators. {II}},
	Url = {https://mathscinet.ams.org/mathscinet-getitem?mr=45086},
	Volume = {74},
	Year = {1952},
	Bdsk-Url-1 = {https://mathscinet.ams.org/mathscinet-getitem?mr=45086}}

@article{JonssonTarski1951,
	Author = {J\'{o}nsson, Bjarni and Tarski, Alfred},
	Date-Added = {2020-02-12 11:04:50 -0500},
	Date-Modified = {2020-02-12 11:10:32 -0500},
	Doi = {10.2307/2372123},
	Fjournal = {American Journal of Mathematics},
	Issn = {0002-9327},
	Journal = {Amer. J. Math.},
	Mrclass = {09.0X},
	Mrnumber = {44502},
	Mrreviewer = {R. C. Lyndon},
	Pages = {891--939},
	Title = {Boolean algebras with operators. {I}},
	Url = {https://mathscinet.ams.org/mathscinet-getitem?mr=44502},
	Volume = {73},
	Year = {1951},
	Bdsk-Url-1 = {https://mathscinet.ams.org/mathscinet-getitem?mr=44502}}

@article{McKinseyTarski1948,
	Author = {McKinsey, J. C. C. and Tarski, Alfred},
	Date-Added = {2020-02-12 11:03:54 -0500},
	Date-Modified = {2020-02-12 11:09:44 -0500},
	Doi = {10.2307/2268135},
	Fjournal = {The Journal of Symbolic Logic},
	Issn = {0022-4812},
	Journal = {J. Symbolic Logic},
	Mrclass = {02.0X},
	Mrnumber = {24396},
	Mrreviewer = {A. Heyting},
	Pages = {1--15},
	Title = {Some theorems about the sentential calculi of {L}ewis and {H}eyting},
	Url = {https://mathscinet.ams.org/mathscinet-getitem?mr=24396},
	Volume = {13},
	Year = {1948},
	Bdsk-Url-1 = {https://mathscinet.ams.org/mathscinet-getitem?mr=24396}}

@article{McKinseyTarski1946,
	Author = {McKinsey, J. C. C. and Tarski, Alfred},
	Date-Added = {2020-02-12 11:03:25 -0500},
	Date-Modified = {2020-02-12 11:09:55 -0500},
	Doi = {10.2307/1969038},
	Fjournal = {Annals of Mathematics. Second Series},
	Issn = {0003-486X},
	Journal = {Ann. of Math. (2)},
	Mrclass = {09.1X},
	Mrnumber = {15037},
	Mrreviewer = {G. Birkhoff},
	Pages = {122--162},
	Title = {On closed elements in closure algebras},
	Url = {https://mathscinet.ams.org/mathscinet-getitem?mr=15037},
	Volume = {47},
	Year = {1946},
	Bdsk-Url-1 = {https://mathscinet.ams.org/mathscinet-getitem?mr=15037}}

@article{McKinseyTarski1944,
	Author = {McKinsey, J. C. C. and Tarski, Alfred},
	Date-Added = {2020-02-12 11:03:24 -0500},
	Date-Modified = {2020-02-12 11:10:06 -0500},
	Doi = {10.2307/1969080},
	Fjournal = {Annals of Mathematics. Second Series},
	Issn = {0003-486X},
	Journal = {Ann. of Math. (2)},
	Mrclass = {56.0X},
	Mrnumber = {9842},
	Mrreviewer = {G. Birkhoff},
	Pages = {141--191},
	Title = {The algebra of topology},
	Url = {https://mathscinet.ams.org/mathscinet-getitem?mr=9842},
	Volume = {45},
	Year = {1944},
	Bdsk-Url-1 = {https://mathscinet.ams.org/mathscinet-getitem?mr=9842}}

@book{RasiowaSik1963,
	Author = {Rasiowa, Helena and Sikorski, Roman},
	Date-Added = {2020-02-12 10:55:32 -0500},
	Date-Modified = {2020-02-12 10:59:57 -0500},
	Mrclass = {02.52},
	Mrnumber = {0163850},
	Mrreviewer = {G. Kreisel},
	Pages = {522},
	Publisher = {Pa\'{n}stwowe Wydawnictwo Naukowe, Warsaw},
	Series = {Monografie Matematyczne, Tom 41},
	Title = {The Mathematics of Metamathematics},
	Url = {https://mathscinet.ams.org/mathscinet-getitem?mr=0163850},
	Year = {1963},
	Bdsk-Url-1 = {https://mathscinet.ams.org/mathscinet-getitem?mr=0163850}}

@article{RasiowaSik1955,
	Author = {Rasiowa, H. and Sikorski, R.},
	Date-Added = {2020-02-12 10:54:30 -0500},
	Date-Modified = {2020-02-12 10:59:21 -0500},
	Doi = {10.4064/fm-42-1-83-100},
	Fjournal = {Polska Akademia Nauk. Fundamenta Mathematicae},
	Issn = {0016-2736},
	Journal = {Fund. Math.},
	Mrclass = {02.0X},
	Mrnumber = {86768},
	Mrreviewer = {L. N. G\'{a}l},
	Pages = {83--100},
	Title = {An application of lattices to logic},
	Url = {https://mathscinet.ams.org/mathscinet-getitem?mr=86768},
	Volume = {42},
	Year = {1955},
	Bdsk-Url-1 = {https://mathscinet.ams.org/mathscinet-getitem?mr=86768}}

@article{Rasiowa1955,
	Author = {Rasiowa, H.},
	Date-Added = {2020-02-12 10:54:03 -0500},
	Date-Modified = {2020-02-12 10:59:08 -0500},
	Doi = {10.4064/fm-41-2-291-310},
	Fjournal = {Polska Akademia Nauk. Fundamenta Mathematicae},
	Issn = {0016-2736},
	Journal = {Fund. Math.},
	Mrclass = {02.0X},
	Mrnumber = {86025},
	Mrreviewer = {L. N. G\'{a}l},
	Pages = {291--310},
	Title = {Algebraic models of axiomatic theories},
	Url = {https://mathscinet.ams.org/mathscinet-getitem?mr=86025},
	Volume = {41},
	Year = {1955},
	Bdsk-Url-1 = {https://mathscinet.ams.org/mathscinet-getitem?mr=86025}}

@article{RasiowaSik1953,
	Author = {Rasiowa, H. and Sikorski, R.},
	Date-Added = {2020-02-12 10:53:30 -0500},
	Date-Modified = {2020-02-12 10:59:29 -0500},
	Doi = {10.4064/fm-40-1-62-95},
	Fjournal = {Polska Akademia Nauk. Fundamenta Mathematicae},
	Issn = {0016-2736},
	Journal = {Fund. Math.},
	Mrclass = {02.0X},
	Mrnumber = {60436},
	Mrreviewer = {I. Novak G\'{a}l},
	Pages = {62--95},
	Title = {Algebraic treatment of the notion of satisfiability},
	Url = {https://mathscinet.ams.org/mathscinet-getitem?mr=60436},
	Volume = {40},
	Year = {1953},
	Bdsk-Url-1 = {https://mathscinet.ams.org/mathscinet-getitem?mr=60436}}

@article{Rasiowa1951,
	Author = {Rasiowa, H.},
	Date-Added = {2020-02-12 10:53:05 -0500},
	Date-Modified = {2020-02-12 10:59:47 -0500},
	Doi = {10.4064/fm-38-1-99-126},
	Fjournal = {Polska Akademia Nauk. Fundamenta Mathematicae},
	Issn = {0016-2736},
	Journal = {Fund. Math.},
	Mrclass = {02.0X},
	Mrnumber = {58534},
	Mrreviewer = {I. Novak G\'{a}l},
	Pages = {99--126},
	Title = {Algebraic treatment of the functional calculi of {H}eyting and {L}ewis},
	Url = {https://mathscinet.ams.org/mathscinet-getitem?mr=58534},
	Volume = {38},
	Year = {1951},
	Bdsk-Url-1 = {https://mathscinet.ams.org/mathscinet-getitem?mr=58534}}

@article{RasiowaSik1950,
	Author = {Rasiowa, H. and Sikorski, R.},
	Date-Added = {2020-02-12 10:52:48 -0500},
	Date-Modified = {2020-02-12 10:59:36 -0500},
	Doi = {10.4064/fm-37-1-193-200},
	Fjournal = {Polska Akademia Nauk. Fundamenta Mathematicae},
	Issn = {0016-2736},
	Journal = {Fund. Math.},
	Mrclass = {02.0X},
	Mrnumber = {40232},
	Mrreviewer = {I. L. Novak},
	Pages = {193--200},
	Title = {A proof of the completeness theorem of {G}\"{o}del},
	Url = {https://mathscinet.ams.org/mathscinet-getitem?mr=40232},
	Volume = {37},
	Year = {1950},
	Bdsk-Url-1 = {https://mathscinet.ams.org/mathscinet-getitem?mr=40232}}

@inproceedings{Mostowski1949,
	Author = {Mostowski, A.},
	Booktitle = {Library of the {T}enth {I}nternational {C}ongress of {P}hilosophy, {A}msterdam, {A}ugust 11--18, 1948, {V}ol. {I}, {P}roceedings of the {C}ongress},
	Date-Added = {2020-02-12 10:48:35 -0500},
	Date-Modified = {2020-02-12 10:58:34 -0500},
	Mrclass = {02.0X},
	Mrnumber = {0028277},
	Pages = {767--769},
	Publisher = {publisher unknown},
	Title = {Sur l'interpretation g\'{e}om\'{e}trique et topologique des notions logiques},
	Url = {https://mathscinet.ams.org/mathscinet-getitem?mr=0028277},
	Year = {1949},
	Bdsk-Url-1 = {https://mathscinet.ams.org/mathscinet-getitem?mr=0028277}}

@article{Los1958,
	Author = {\L o\'{s}, J. and Suszko, R.},
	Date-Added = {2020-02-12 10:46:09 -0500},
	Date-Modified = {2020-02-12 10:56:21 -0500},
	Journal = {Nederl. Akad. Wetensch. Proc. Ser. A 61 = Indag. Math.},
	Mrclass = {02.00},
	Mrnumber = {0098670},
	Mrreviewer = {H. B. Curry},
	Pages = {177--183},
	Title = {Remarks on sentential logics},
	Url = {https://mathscinet.ams.org/mathscinet-getitem?mr=0098670},
	Volume = {20},
	Year = {1958},
	Bdsk-Url-1 = {https://mathscinet.ams.org/mathscinet-getitem?mr=0098670}}

@article{Los1957,
	Author = {\L o\'{s}, J.},
	Date-Added = {2020-02-12 10:45:40 -0500},
	Date-Modified = {2020-02-12 10:56:28 -0500},
	Doi = {10.4064/fm-44-1-82-83},
	Fjournal = {Polska Akademia Nauk. Fundamenta Mathematicae},
	Issn = {0016-2736},
	Journal = {Fund. Math.},
	Mrclass = {02.0X},
	Mrnumber = {89814},
	Mrreviewer = {G. Kreisel},
	Pages = {82--83},
	Title = {Remarks on {H}enkin's paper: {B}oolean representation through propositional calculus},
	Url = {https://mathscinet.ams.org/mathscinet-getitem?mr=89814},
	Volume = {44},
	Year = {1957},
	Bdsk-Url-1 = {https://mathscinet.ams.org/mathscinet-getitem?mr=89814}}

@article{Los1956,
	Author = {\L o\'{s}, J. and Mostowski, A. and Rasiowa, H.},
	Date-Added = {2020-02-12 10:44:48 -0500},
	Date-Modified = {2020-02-12 10:56:05 -0500},
	Fjournal = {Journal de Math\'{e}matiques Pures et Appliqu\'{e}es. Neuvi{\`e}me S\'{e}rie},
	Issn = {0021-7824},
	Journal = {J. Math. Pures Appl. (9)},
	Mrclass = {02.0X},
	Mrnumber = {75149},
	Mrreviewer = {P. R. Halmos},
	Pages = {19--24},
	Title = {A proof of {H}erbrand's theorem},
	Url = {https://mathscinet.ams.org/mathscinet-getitem?mr=75149},
	Volume = {35},
	Year = {1956},
	Bdsk-Url-1 = {https://mathscinet.ams.org/mathscinet-getitem?mr=75149}}

@article{Los1955,
	Author = {\L o\'{s}, Jerzy},
	Date-Added = {2020-02-12 10:44:12 -0500},
	Date-Modified = {2020-02-12 10:56:44 -0500},
	Doi = {10.1007/BF02124771},
	Fjournal = {Polish Academy of Sciences. Institute of Philosophy and Sociology. Studia Logica. An International Journal for Symbolic Logic},
	Issn = {0039-3215},
	Journal = {Studia Logica},
	Mrclass = {02.0X},
	Mrnumber = {83958},
	Mrreviewer = {L. N. G\'{a}l},
	Pages = {151--212},
	Title = {The algebraic treatment of the methodology of elementary deductive systems},
	Url = {https://mathscinet.ams.org/mathscinet-getitem?mr=83958},
	Volume = {2},
	Year = {1955},
	Bdsk-Url-1 = {https://mathscinet.ams.org/mathscinet-getitem?mr=83958}}

@article{Los1951,
	Author = {\L o\'{s}, J.},
	Date-Added = {2020-02-12 10:41:54 -0500},
	Date-Modified = {2020-02-12 10:56:36 -0500},
	Doi = {10.4064/cm-2-3-4-236-240},
	Fjournal = {Colloquium Mathematicum},
	Issn = {0010-1354},
	Journal = {Colloq. Math.},
	Mrclass = {02.0X},
	Mrnumber = {50541},
	Mrreviewer = {H. B. Curry},
	Pages = {236--240 (1952)},
	Title = {An algebraic proof of completeness for two-valued propositional calculus},
	Url = {https://mathscinet.ams.org/mathscinet-getitem?mr=50541},
	Volume = {2},
	Year = {1951},
	Bdsk-Url-1 = {https://mathscinet.ams.org/mathscinet-getitem?mr=50541}}

@book{Halmos1962,
	Author = {Halmos, Paul R.},
	Date-Added = {2020-02-12 10:40:54 -0500},
	Date-Modified = {2020-02-12 10:57:10 -0500},
	Mrclass = {02.40},
	Mrnumber = {0131961},
	Pages = {271},
	Publisher = {Chelsea Publishing Co., New York},
	Title = {Algebraic Logic},
	Url = {https://mathscinet.ams.org/mathscinet-getitem?mr=0131961},
	Year = {1962},
	Bdsk-Url-1 = {https://mathscinet.ams.org/mathscinet-getitem?mr=0131961}}

@article{Halmos1956b,
	Author = {Halmos, Paul R.},
	Date-Added = {2020-02-12 10:40:31 -0500},
	Date-Modified = {2020-02-12 10:57:24 -0500},
	Doi = {10.2307/1992883},
	Fjournal = {Transactions of the American Mathematical Society},
	Issn = {0002-9947},
	Journal = {Trans. Amer. Math. Soc.},
	Mrclass = {02.0X},
	Mrnumber = {86030},
	Mrreviewer = {A. Robinson},
	Pages = {430--470},
	Title = {Algebraic logic. {III}. {P}redicates, terms, and operations in polyadic algebras},
	Url = {https://mathscinet.ams.org/mathscinet-getitem?mr=86030},
	Volume = {83},
	Year = {1956},
	Bdsk-Url-1 = {https://mathscinet.ams.org/mathscinet-getitem?mr=86030}}

@article{Halmos1956a,
	Author = {Halmos, P. R.},
	Date-Added = {2020-02-12 10:40:30 -0500},
	Date-Modified = {2020-02-12 10:57:59 -0500},
	Fjournal = {Polska Akademia Nauk. Fundamenta Mathematicae},
	Issn = {0016-2736},
	Journal = {Fund. Math.},
	Mrclass = {02.0X},
	Mrnumber = {86029},
	Mrreviewer = {A. Robinson},
	Pages = {255--325},
	Title = {Algebraic logic. {II}. {H}omogeneous locally finite polyadic {B}oolean algebras of infinite degree},
	Url = {https://mathscinet.ams.org/mathscinet-getitem?mr=86029},
	Volume = {43},
	Year = {1956},
	Bdsk-Url-1 = {https://mathscinet.ams.org/mathscinet-getitem?mr=86029}}

@article{Halmos1956c,
	Author = {Halmos, Paul R.},
	Date-Added = {2020-02-12 10:40:29 -0500},
	Date-Modified = {2020-02-12 10:57:33 -0500},
	Doi = {10.2307/2309396},
	Fjournal = {American Mathematical Monthly},
	Issn = {0002-9890},
	Journal = {Amer. Math. Monthly},
	Mrclass = {02.0X},
	Mrnumber = {86028},
	Mrreviewer = {B. A. Galler},
	Pages = {363--387},
	Title = {The basic concepts of algebraic logic},
	Url = {https://mathscinet.ams.org/mathscinet-getitem?mr=86028},
	Volume = {63},
	Year = {1956},
	Bdsk-Url-1 = {https://mathscinet.ams.org/mathscinet-getitem?mr=86028}}

@article{Halmos1956,
	Author = {Halmos, Paul R.},
	Date-Added = {2020-02-12 10:39:15 -0500},
	Date-Modified = {2020-02-12 10:57:54 -0500},
	Fjournal = {Compositio Mathematica},
	Issn = {0010-437X},
	Journal = {Compositio Math.},
	Mrclass = {02.0X},
	Mrnumber = {78304},
	Mrreviewer = {A. Robinson},
	Pages = {217--249},
	Title = {Algebraic logic. {I}. {M}onadic {B}oolean algebras},
	Url = {https://mathscinet.ams.org/mathscinet-getitem?mr=78304},
	Volume = {12},
	Year = {1956},
	Bdsk-Url-1 = {https://mathscinet.ams.org/mathscinet-getitem?mr=78304}}

@article{Halmos1954,
	Author = {Halmos, Paul R.},
	Date-Added = {2020-02-12 10:33:23 -0500},
	Date-Modified = {2020-02-12 10:58:09 -0500},
	Doi = {10.1073/pnas.40.5.296},
	Fjournal = {Proceedings of the National Academy of Sciences of the United States of America},
	Issn = {0027-8424},
	Journal = {Proc. Nat. Acad. Sci. U.S.A.},
	Mrclass = {02.0X},
	Mrnumber = {61077},
	Mrreviewer = {P. Lorenzen},
	Pages = {296--301},
	Title = {Polyadic {B}oolean algebras},
	Url = {https://mathscinet.ams.org/mathscinet-getitem?mr=61077},
	Volume = {40},
	Year = {1954},
	Bdsk-Url-1 = {https://mathscinet.ams.org/mathscinet-getitem?mr=61077}}

@book{Birkhoff1940,
	Author = {Birkhoff, Garrett},
	Date-Added = {2020-02-12 10:18:19 -0500},
	Date-Modified = {2020-02-12 10:20:39 -0500},
	Mrclass = {09.1X},
	Mrnumber = {0001959},
	Mrreviewer = {O. Frink},
	Pages = {v+155},
	Publisher = {American Mathematical Society, New York},
	Title = {Lattice {T}heory},
	Url = {https://mathscinet.ams.org/mathscinet-getitem?mr=0001959},
	Year = {1940},
	Bdsk-Url-1 = {https://mathscinet.ams.org/mathscinet-getitem?mr=0001959}}

@incollection{Linton1966,
	Address = {New York},
	Author = {Linton, F. E. J.},
	Booktitle = {Proc. Conf. Categorical Algebra (La Jolla, Calif., 1965)},
	Date-Added = {2020-02-12 10:06:25 -0500},
	Date-Modified = {2020-02-12 10:06:25 -0500},
	Pages = {84--94},
	Publisher = {Springer},
	Title = {Some aspects of equational categories},
	Year = {1966}}

@inproceedings{Lambek1972,
	Address = {Berlin},
	Author = {Lambek, J.},
	Booktitle = {Toposes, Algebraic Geometry and Logic},
	Date-Added = {2020-02-12 10:06:15 -0500},
	Date-Modified = {2020-02-12 10:06:15 -0500},
	Editor = {Lawvere, F. W.},
	Pages = {57--82},
	Publisher = {Springer-Verlag},
	Series = {Lecture Notes in Mathematics},
	Title = {Deductive Systems and Categories {III}. {C}artesian Closed Categories, Intuitionistic Propositional Calculus, and Combinatory Logic},
	Volume = {274},
	Year = {1972}}

@inproceedings{Lambek1969,
	Address = {Berlin},
	Author = {Lambek, J.},
	Booktitle = {Category Theory, Homology Theory, and their Applications, I},
	Date-Added = {2020-02-12 10:06:11 -0500},
	Date-Modified = {2020-02-12 10:06:11 -0500},
	Editor = {Hilton, P. J.},
	Pages = {76--122},
	Publisher = {Springer-Verlag},
	Series = {Lecture Notes in Mathematics},
	Title = {Deductive Systems and Categories {II}. {S}tandard Constructions and Closed Categories},
	Volume = {86},
	Year = {1969}}

@article{Lambek1968a,
	Author = {Lambek, J.},
	Date-Added = {2020-02-12 10:06:07 -0500},
	Date-Modified = {2020-02-12 10:06:07 -0500},
	Journal = {Math. Z.},
	Pages = {151--161},
	Title = {A Fixpoint Theorem for Complete Categories},
	Volume = {103},
	Year = {1968}}

@article{Lambek1968b,
	Author = {Lambek, J.},
	Date-Added = {2020-02-12 10:06:03 -0500},
	Date-Modified = {2020-02-12 10:06:03 -0500},
	Journal = {Math. Systems Theory},
	Pages = {287--318},
	Title = {Deductive Systems and Categories. {I}. {S}yntactic Calculus and Residuated Categories},
	Volume = {2},
	Year = {1968}}

@incollection{Freyd1966,
	Address = {New York},
	Author = {Freyd, P.},
	Booktitle = {Proceedings of the Conference on Categorical Algebra, La Jolla, Calif., 1965},
	Date-Added = {2020-02-12 10:05:50 -0500},
	Date-Modified = {2020-02-12 10:05:50 -0500},
	Pages = {95--120},
	Publisher = {Springer-Verlag},
	Title = {Representations in {A}belian Categories},
	Year = {1966}}

@article{Lawvere1969a,
	Author = {Lawvere, F. W.},
	Date-Added = {2020-02-12 10:02:31 -0500},
	Date-Modified = {2020-02-12 10:02:31 -0500},
	Journal = {Dialectica},
	Pages = {281-296},
	Title = {Adjointness in Foundations},
	Volume = {23},
	Year = {1969}}

@article{Lawvere1967,
	Author = {Lawvere, F. W.},
	Date-Added = {2020-02-12 10:02:21 -0500},
	Date-Modified = {2020-02-12 10:02:21 -0500},
	Journal = {Journal of Symbolic Logic},
	Pages = {562},
	Title = {Theories as Categories and the Completeness Theorem},
	Volume = {32},
	Year = {1967}}

@article{Lawvere1966a,
	Author = {Lawvere, F. W.},
	Date-Added = {2020-02-12 10:02:14 -0500},
	Date-Modified = {2020-02-12 10:02:14 -0500},
	Journal = {Journal of Symbolic Logic},
	Pages = {294-295},
	Title = {Functorial Semantics of Elementary Theories},
	Volume = {31},
	Year = {1966}}

@article{MacLane1965,
	Author = {Mac{\thinspace}Lane, S.},
	Date-Added = {2020-02-06 11:51:27 -0500},
	Date-Modified = {2020-02-06 11:51:27 -0500},
	Journal = {Bull. Amer. Math. Soc.},
	Pages = {40--106},
	Title = {Categorical Algebra},
	Volume = {71},
	Year = {1965}}

@article{EilMac1945,
	Author = {Eilenberg, S. and Mac{\thinspace}Lane, S.},
	Date-Added = {2020-02-06 11:36:57 -0500},
	Date-Modified = {2020-02-06 11:37:11 -0500},
	Journal = {Trans. Amer. Math. Soc.},
	Pages = {231--294},
	Title = {A General Theory of Natural Equivalences},
	Volume = {58},
	Year = {1945}}

@book{Rodin2014,
	Author = {Rodin, Andrei},
	Date-Added = {2020-02-06 11:32:22 -0500},
	Date-Modified = {2020-02-06 11:34:06 -0500},
	Doi = {10.1007/978-3-319-00404-4},
	Isbn = {978-3-319-00403-7; 978-3-319-00404-4},
	Mrclass = {03-02 (03-03 03A05 03G30 18-02)},
	Mrnumber = {3136273},
	Pages = {xii+285},
	Publisher = {Springer, Cham},
	Series = {Synthese Library. Studies in Epistemology, Logic, Methodology, and Philosophy of Science},
	Title = {Axiomatic Method and Category Theory},
	Url = {https://mathscinet.ams.org/mathscinet-getitem?mr=3136273},
	Volume = {364},
	Year = {2014},
	Bdsk-Url-1 = {https://mathscinet.ams.org/mathscinet-getitem?mr=3136273}}

@article{Paiva2013,
	Author = {de Paiva, Valeria and Rodin, Andrei},
	Date-Added = {2020-02-06 11:31:16 -0500},
	Date-Modified = {2020-02-06 11:33:57 -0500},
	Doi = {10.1007/s11787-013-0086-9},
	Fjournal = {Logica Universalis},
	Issn = {1661-8297},
	Journal = {Log. Univers.},
	Mrclass = {03-06 (03G30)},
	Mrnumber = {3093874},
	Number = {3},
	Pages = {265--273},
	Title = {Elements of categorical logic: fifty years later},
	Url = {https://mathscinet.ams.org/mathscinet-getitem?mr=3093874},
	Volume = {7},
	Year = {2013},
	Bdsk-Url-1 = {https://mathscinet.ams.org/mathscinet-getitem?mr=3093874}}

@book{Kromer2007,
	Author = {Kr\"{o}mer, Ralf},
	Date-Added = {2020-02-06 11:30:24 -0500},
	Date-Modified = {2020-02-06 11:34:43 -0500},
	Isbn = {978-3-7643-7523-2; 3-7643-7523-X},
	Mrclass = {01A60 (00A30 03-03 03A05 18-03)},
	Mrnumber = {2272843},
	Mrreviewer = {Colin McLarty},
	Note = {A history and philosophy of category theory},
	Pages = {xxxvi+367},
	Publisher = {Birkh\"{a}user Verlag, Basel},
	Series = {Science Networks. Historical Studies},
	Title = {Tool and Object},
	Url = {https://mathscinet.ams.org/mathscinet-getitem?mr=2272843},
	Volume = {32},
	Year = {2007},
	Bdsk-Url-1 = {https://mathscinet.ams.org/mathscinet-getitem?mr=2272843}}

@incollection{MR1798376,
	Author = {Marquis, Jean-Pierre},
	Booktitle = {Philosophy of Mathematics Today ({B}udapest, 1993)},
	Date-Added = {2020-02-06 10:30:53 -0500},
	Date-Modified = {2020-02-06 10:30:53 -0500},
	Mrclass = {18A99 (00A35)},
	Mrnumber = {1798376},
	Pages = {123--136},
	Publisher = {Kluwer Acad. Publ., Dordrecht},
	Series = {Episteme},
	Title = {Category theory and structuralism in mathematics: syntactical considerations},
	Url = {https://mathscinet.ams.org/mathscinet-getitem?mr=1798376},
	Volume = {22},
	Year = {1997},
	Bdsk-Url-1 = {https://mathscinet.ams.org/mathscinet-getitem?mr=1798376}}

@book{Marquis2009,
	Author = {Marquis, Jean-Pierre},
	Date-Added = {2020-02-06 10:30:11 -0500},
	Date-Modified = {2020-02-06 11:33:19 -0500},
	Isbn = {978-1-4020-9383-8},
	Mrclass = {18-03 (00A30 01A60 03G30)},
	Mrnumber = {2730089},
	Mrreviewer = {R. H. Street},
	Note = {A study of the history and philosophy of category theory},
	Pages = {x+309},
	Publisher = {Springer, Dordrecht},
	Series = {Logic, Epistemology, and the Unity of Science},
	Title = {From a Geometrical Point of View},
	Url = {https://mathscinet.ams.org/mathscinet-getitem?mr=2730089},
	Volume = {14},
	Year = {2009},
	Bdsk-Url-1 = {https://mathscinet.ams.org/mathscinet-getitem?mr=2730089}}

@incollection{Marquis2012,
	Author = {Marquis, Jean-Pierre and Reyes, Gonzalo E.},
	Booktitle = {Sets and Extensions in the Twentieth Century},
	Date-Added = {2020-02-06 10:30:08 -0500},
	Date-Modified = {2020-02-12 09:27:40 -0500},
	Doi = {10.1016/B978-0-444-51621-3.50010-4},
	Mrclass = {03G30 (01A60 03-03)},
	Mrnumber = {3409867},
	Mrreviewer = {Klaus-Dieter Schewe},
	Pages = {689--800},
	Publisher = {Elsevier/North-Holland, Amsterdam},
	Series = {Handb. Hist. Log.},
	Title = {The history of categorical logic: 1963--1977},
	Url = {https://mathscinet.ams.org/mathscinet-getitem?mr=3409867},
	Volume = {6},
	Year = {2012},
	Bdsk-Url-1 = {https://mathscinet.ams.org/mathscinet-getitem?mr=3409867}}

@incollection{MR3822110,
	Author = {Marquis, Jean-Pierre},
	Booktitle = {Categories for the Working Philosopher},
	Date-Added = {2020-02-06 10:29:53 -0500},
	Date-Modified = {2020-02-06 10:29:53 -0500},
	Mrclass = {03A05 (18A15)},
	Mrnumber = {3822110},
	Pages = {136--162},
	Publisher = {Oxford Univ. Press, Oxford},
	Title = {Unfolding {FOLDS}: a foundational framework for abstract mathematical concepts},
	Url = {https://mathscinet.ams.org/mathscinet-getitem?mr=3822110},
	Year = {2017},
	Bdsk-Url-1 = {https://mathscinet.ams.org/mathscinet-getitem?mr=3822110}}

@incollection{MR0392567,
	Author = {Lawvere, F. William},
	Booktitle = {Logic {C}olloquium '73 ({B}ristol, 1973)},
	Date-Added = {2020-02-06 10:26:36 -0500},
	Date-Modified = {2020-02-06 10:26:36 -0500},
	Mrclass = {02K10 (02H10 18F05)},
	Mrnumber = {0392567},
	Mrreviewer = {Radu Diaconescu},
	Pages = {135--156. Studies in Logic and the Foundations of Math., Vol. 80},
	Title = {Continuously variable sets; algebraic geometry=geometric logic},
	Url = {https://mathscinet.ams.org/mathscinet-getitem?mr=0392567},
	Year = {1975},
	Bdsk-Url-1 = {https://mathscinet.ams.org/mathscinet-getitem?mr=0392567}}

@article{MR0352214,
	Author = {Lawvere, F. William},
	Date-Added = {2020-02-06 10:26:31 -0500},
	Date-Modified = {2020-02-06 10:26:31 -0500},
	Doi = {10.1007/BF02924844},
	Fjournal = {Rendiconti del Seminario Matematico e Fisico di Milano},
	Issn = {0370-7377},
	Journal = {Rend. Sem. Mat. Fis. Milano},
	Mrclass = {18D15 (54E25)},
	Mrnumber = {0352214},
	Mrreviewer = {B. M. Schein (Sain)},
	Pages = {135--166 (1974)},
	Title = {Metric spaces, generalized logic, and closed categories},
	Url = {https://mathscinet.ams.org/mathscinet-getitem?mr=0352214},
	Volume = {43},
	Year = {1973},
	Bdsk-Url-1 = {https://mathscinet.ams.org/mathscinet-getitem?mr=0352214}}

@incollection{Lawvere1971,
	Author = {Lawvere, F. W.},
	Booktitle = {Actes du {C}ongr{\`e}s {I}nternational des {M}ath\'{e}maticiens ({N}ice, 1970), {T}ome 1},
	Date-Added = {2020-02-06 10:26:25 -0500},
	Date-Modified = {2020-02-12 09:56:42 -0500},
	Mrclass = {18F20},
	Mrnumber = {0430021},
	Mrreviewer = {Lawrence Neff Stout},
	Pages = {329--334},
	Title = {Quantifiers and sheaves},
	Url = {https://mathscinet.ams.org/mathscinet-getitem?mr=0430021},
	Year = {1971},
	Bdsk-Url-1 = {https://mathscinet.ams.org/mathscinet-getitem?mr=0430021}}

@inproceedings{Lawvere1970,
	Author = {Lawvere, F. William},
	Booktitle = {Applications of {C}ategorical {A}lgebra ({P}roc. {S}ympos. {P}ure {M}ath., {V}ol. {XVII}, {N}ew {Y}ork, 1968)},
	Date-Added = {2020-02-06 10:26:23 -0500},
	Date-Modified = {2020-02-12 09:56:24 -0500},
	Mrclass = {18.10},
	Mrnumber = {0257175},
	Mrreviewer = {H. Gonshor},
	Pages = {1--14},
	Publisher = {Amer. Math. Soc., Providence, R.I.},
	Title = {Equality in hyperdoctrines and comprehension schema as an adjoint functor},
	Url = {https://mathscinet.ams.org/mathscinet-getitem?mr=0257175},
	Year = {1970},
	Bdsk-Url-1 = {https://mathscinet.ams.org/mathscinet-getitem?mr=0257175}}

@incollection{Lawvere1969b,
	Author = {Lawvere, F. William},
	Booktitle = {Category {T}heory, {H}omology {T}heory and their {A}pplications, {II} ({B}attelle {I}nstitute {C}onference, {S}eattle, {W}ash., 1968, {V}ol. {T}wo)},
	Date-Added = {2020-02-06 10:26:22 -0500},
	Date-Modified = {2020-02-12 10:02:54 -0500},
	Mrclass = {08.10 (02.00)},
	Mrnumber = {0242748},
	Mrreviewer = {H. Gonshor},
	Pages = {134--145},
	Publisher = {Springer, Berlin},
	Title = {Diagonal arguments and cartesian closed categories},
	Url = {https://mathscinet.ams.org/mathscinet-getitem?mr=0242748},
	Year = {1969},
	Bdsk-Url-1 = {https://mathscinet.ams.org/mathscinet-getitem?mr=0242748}}

@article{Lawvere1963,
	Author = {Lawvere, F. William},
	Date-Added = {2020-02-06 10:25:57 -0500},
	Date-Modified = {2020-02-12 09:56:00 -0500},
	Doi = {10.1073/pnas.50.5.869},
	Fjournal = {Proceedings of the National Academy of Sciences of the United States of America},
	Issn = {0027-8424},
	Journal = {Proc. Nat. Acad. Sci. U.S.A.},
	Mrclass = {18.10},
	Mrnumber = {158921},
	Mrreviewer = {M. Artin},
	Pages = {869--872},
	Title = {Functorial semantics of algebraic theories},
	Url = {https://mathscinet.ams.org/mathscinet-getitem?mr=158921},
	Volume = {50},
	Year = {1963},
	Bdsk-Url-1 = {https://mathscinet.ams.org/mathscinet-getitem?mr=158921}}

@book{MakkaiReyes1977,
	Author = {Makkai, Michael and Reyes, Gonzalo E.},
	Date-Added = {2020-02-06 10:25:36 -0500},
	Date-Modified = {2020-02-06 11:34:58 -0500},
	Isbn = {3-540-08439-8},
	Mrclass = {02J99 (02B25 18C10)},
	Mrnumber = {0505486},
	Mrreviewer = {C. J. Mikkelsen},
	Note = {Model-theoretical methods in the theory of topoi and related categories},
	Pages = {viii+301},
	Publisher = {Springer-Verlag, Berlin-New York},
	Series = {Lecture Notes in Mathematics, Vol. 611},
	Title = {First Order Categorical Logic},
	Url = {https://mathscinet.ams.org/mathscinet-getitem?mr=0505486},
	Year = {1977},
	Bdsk-Url-1 = {https://mathscinet.ams.org/mathscinet-getitem?mr=0505486}}

@inproceedings{Makkai1982,
	Author = {Makkai, M.},
	Booktitle = {Proceedings of the {H}erbrand Symposium ({M}arseilles, 1981)},
	Date-Added = {2020-02-06 10:25:26 -0500},
	Date-Modified = {2020-02-06 11:51:40 -0500},
	Doi = {10.1016/S0049-237X(08)71886-X},
	Mrclass = {03G30},
	Mrnumber = {757031},
	Pages = {217--232},
	Publisher = {North-Holland, Amsterdam},
	Series = {Stud. Logic Found. Math.},
	Title = {Stone duality for first order logic},
	Url = {https://mathscinet.ams.org/mathscinet-getitem?mr=757031},
	Volume = {107},
	Year = {1982},
	Bdsk-Url-1 = {https://mathscinet.ams.org/mathscinet-getitem?mr=757031}}

@incollection{Makkai1984,
	Author = {Makkai, M.},
	Booktitle = {Mathematical Applications of Category Theory ({D}enver, {C}ol., 1983)},
	Date-Added = {2020-02-06 10:25:22 -0500},
	Date-Modified = {2020-02-06 11:51:51 -0500},
	Doi = {10.1090/conm/030/749774},
	Mrclass = {03G30 (18B25)},
	Mrnumber = {749774},
	Mrreviewer = {Michel Coste},
	Pages = {175--243},
	Publisher = {Amer. Math. Soc., Providence, RI},
	Series = {Contemp. Math.},
	Title = {A {S}tone-type representation theory for first order logic},
	Url = {https://mathscinet.ams.org/mathscinet-getitem?mr=749774},
	Volume = {30},
	Year = {1984},
	Bdsk-Url-1 = {https://mathscinet.ams.org/mathscinet-getitem?mr=749774}}

@article{Makkai1987,
	Author = {Makkai, M.},
	Date-Added = {2020-02-06 10:24:59 -0500},
	Date-Modified = {2020-02-06 11:52:03 -0500},
	Doi = {10.1016/0001-8708(87)90020-X},
	Fjournal = {Advances in Mathematics},
	Issn = {0001-8708},
	Journal = {Adv. in Math.},
	Mrclass = {03C99 (03C20 03G30 18A99)},
	Mrnumber = {900266},
	Mrreviewer = {Colin McLarty},
	Number = {2},
	Pages = {97--170},
	Title = {Stone duality for first order logic},
	Url = {https://mathscinet.ams.org/mathscinet-getitem?mr=900266},
	Volume = {65},
	Year = {1987},
	Bdsk-Url-1 = {https://mathscinet.ams.org/mathscinet-getitem?mr=900266}}

@article{Makkai1988,
	Author = {Makkai, Michael},
	Date-Added = {2020-02-06 10:24:57 -0500},
	Date-Modified = {2020-02-06 11:52:17 -0500},
	Doi = {10.1016/0168-0072(88)90019-X},
	Fjournal = {Annals of Pure and Applied Logic},
	Issn = {0168-0072},
	Journal = {Ann. Pure Appl. Logic},
	Mrclass = {03G30 (03B10 18B25)},
	Mrnumber = {972521},
	Mrreviewer = {Anna Labella},
	Number = {2},
	Pages = {167--215},
	Title = {Strong conceptual completeness for first-order logic},
	Url = {https://mathscinet.ams.org/mathscinet-getitem?mr=972521},
	Volume = {40},
	Year = {1988},
	Bdsk-Url-1 = {https://mathscinet.ams.org/mathscinet-getitem?mr=972521}}

@article{Makkai1993,
	Author = {Makkai, Michael},
	Date-Added = {2020-02-06 10:24:48 -0500},
	Date-Modified = {2020-02-06 11:52:26 -0500},
	Doi = {10.1090/memo/0503},
	Fjournal = {Memoirs of the American Mathematical Society},
	Issn = {0065-9266},
	Journal = {Mem. Amer. Math. Soc.},
	Mrclass = {03G30 (03-02 03C20 03C40 18B25)},
	Mrnumber = {1164835},
	Mrreviewer = {P. \v{S}t\v{e}p\'{a}nek},
	Number = {503},
	Pages = {x+106},
	Title = {Duality and definability in first order logic},
	Url = {https://mathscinet.ams.org/mathscinet-getitem?mr=1164835},
	Volume = {105},
	Year = {1993},
	Bdsk-Url-1 = {https://mathscinet.ams.org/mathscinet-getitem?mr=1164835}}

@article{MR1256410,
	Author = {Makkai, M.},
	Date-Added = {2020-02-06 10:24:45 -0500},
	Date-Modified = {2020-02-06 10:24:45 -0500},
	Doi = {10.1305/ndjfl/1093633902},
	Fjournal = {Notre Dame Journal of Formal Logic},
	Issn = {0029-4527},
	Journal = {Notre Dame J. Formal Logic},
	Mrclass = {03B20 (03G30)},
	Mrnumber = {1256410},
	Number = {4},
	Pages = {471--498},
	Title = {The fibrational formulation of intuitionistic predicate logic {${\rm I}$}: completeness according to {G}\"{o}del, {K}ripke, and {L}\"{a}uchli. {II}},
	Url = {https://mathscinet.ams.org/mathscinet-getitem?mr=1256410},
	Volume = {34},
	Year = {1993},
	Bdsk-Url-1 = {https://mathscinet.ams.org/mathscinet-getitem?mr=1256410}}

@article{MR1240899,
	Author = {Makkai, M.},
	Date-Added = {2020-02-06 10:24:44 -0500},
	Date-Modified = {2020-02-06 10:24:44 -0500},
	Doi = {10.1305/ndjfl/1093634727},
	Fjournal = {Notre Dame Journal of Formal Logic},
	Issn = {0029-4527},
	Journal = {Notre Dame J. Formal Logic},
	Mrclass = {03B20 (03F07 03F10 03G30 18C10)},
	Mrnumber = {1240899},
	Number = {3},
	Pages = {334--377},
	Title = {The fibrational formulation of intuitionistic predicate logic {${\rm I}$}: completeness according to {G}\"{o}del, {K}ripke, and {L}\"{a}uchli. {I}},
	Url = {https://mathscinet.ams.org/mathscinet-getitem?mr=1240899},
	Volume = {34},
	Year = {1993},
	Bdsk-Url-1 = {https://mathscinet.ams.org/mathscinet-getitem?mr=1240899}}

@article{Makkai1997a,
	Author = {Makkai, M.},
	Date-Added = {2020-02-06 10:23:52 -0500},
	Date-Modified = {2020-02-22 16:59:08 -0500},
	Doi = {10.1016/S0022-4049(96)00007-2},
	Fjournal = {Journal of Pure and Applied Algebra},
	Issn = {0022-4049},
	Journal = {J. Pure Appl. Algebra},
	Mrclass = {03G30 (03C95 03F03 18C10)},
	Mrnumber = {1429299},
	Mrreviewer = {Anna Labella},
	Number = {1},
	Pages = {49--79},
	Title = {Generalized sketches as a framework for completeness theorems. {I}},
	Url = {https://mathscinet.ams.org/mathscinet-getitem?mr=1429299},
	Volume = {115},
	Year = {1997},
	Bdsk-Url-1 = {https://mathscinet.ams.org/mathscinet-getitem?mr=1429299}}

@article{Makkai1997b,
	Author = {Makkai, M.},
	Date-Added = {2020-02-06 10:23:45 -0500},
	Date-Modified = {2020-02-22 16:58:47 -0500},
	Doi = {10.1016/S0022-4049(96)00008-4},
	Fjournal = {Journal of Pure and Applied Algebra},
	Issn = {0022-4049},
	Journal = {J. Pure Appl. Algebra},
	Mrclass = {03G30 (03C95 03F03 18C10)},
	Mrnumber = {1431160},
	Mrreviewer = {Anna Labella},
	Number = {2},
	Pages = {179--212},
	Title = {Generalized sketches as a framework for completeness theorems. {II}},
	Url = {https://mathscinet.ams.org/mathscinet-getitem?mr=1431160},
	Volume = {115},
	Year = {1997},
	Bdsk-Url-1 = {https://mathscinet.ams.org/mathscinet-getitem?mr=1431160}}

@article{Makkai1997c,
	Author = {Makkai, M.},
	Date-Added = {2020-02-06 10:23:43 -0500},
	Date-Modified = {2020-02-22 16:58:30 -0500},
	Doi = {10.1016/S0022-4049(96)00009-6},
	Fjournal = {Journal of Pure and Applied Algebra},
	Issn = {0022-4049},
	Journal = {J. Pure Appl. Algebra},
	Mrclass = {03G30 (03C95 03F03 18C10)},
	Mrnumber = {1431835},
	Mrreviewer = {Anna Labella},
	Number = {3},
	Pages = {241--274},
	Title = {Generalized sketches as a framework for completeness theorems. {III}},
	Url = {https://mathscinet.ams.org/mathscinet-getitem?mr=1431835},
	Volume = {115},
	Year = {1997},
	Bdsk-Url-1 = {https://mathscinet.ams.org/mathscinet-getitem?mr=1431835}}

@incollection{Makkai1999,
	Author = {Makkai, Michael},
	Booktitle = {Language, Logic, and Concepts},
	Date-Added = {2020-02-06 10:23:23 -0500},
	Date-Modified = {2020-02-06 11:33:31 -0500},
	Mrclass = {03A05 (00A30)},
	Mrnumber = {1707079},
	Mrreviewer = {Jean-Yves B\'{e}ziau},
	Pages = {43--66},
	Publisher = {MIT Press, Cambridge, MA},
	Series = {Bradford Book},
	Title = {On structuralism in mathematics},
	Url = {https://mathscinet.ams.org/mathscinet-getitem?mr=1707079},
	Year = {1999},
	Bdsk-Url-1 = {https://mathscinet.ams.org/mathscinet-getitem?mr=1707079}}

@incollection{MR1257683,
	Author = {McLarty, Colin},
	Date-Added = {2020-02-06 10:22:43 -0500},
	Date-Modified = {2020-02-06 10:22:43 -0500},
	Doi = {10.1093/philmat/2.1.36},
	Fjournal = {Philosophia Mathematica. Philosophy of Mathematics, its Learning, and its Applications. Series III},
	Issn = {0031-8019},
	Journal = {Philos. Math. (3)},
	Mrclass = {00A30 (01A60 14-03 18-03)},
	Mrnumber = {1257683},
	Mrreviewer = {Peter Johnstone},
	Note = {Categories in the foundations of mathematics and language},
	Number = {1},
	Pages = {36--44},
	Title = {Category theory in real time},
	Url = {https://mathscinet.ams.org/mathscinet-getitem?mr=1257683},
	Volume = {2},
	Year = {1994},
	Bdsk-Url-1 = {https://mathscinet.ams.org/mathscinet-getitem?mr=1257683}}

@article{MR2033719,
	Author = {McLarty, Colin},
	Date-Added = {2020-02-06 10:22:15 -0500},
	Date-Modified = {2020-02-06 10:22:15 -0500},
	Doi = {10.1093/philmat/12.1.37},
	Fjournal = {Philosophia Mathematica. Philosophy of Mathematics, its Learning, and its Application. Series III},
	Issn = {0031-8019},
	Journal = {Philos. Math. (3)},
	Mrclass = {03A05 (00A30 18B25)},
	Mrnumber = {2033719},
	Mrreviewer = {Peter Johnstone},
	Number = {1},
	Pages = {37--53},
	Title = {Exploring categorical structuralism},
	Url = {https://mathscinet.ams.org/mathscinet-getitem?mr=2033719},
	Volume = {12},
	Year = {2004},
	Bdsk-Url-1 = {https://mathscinet.ams.org/mathscinet-getitem?mr=2033719}}

@article{MR2134658,
	Author = {McLarty, Colin},
	Date-Added = {2020-02-06 10:22:13 -0500},
	Date-Modified = {2020-02-06 10:22:13 -0500},
	Doi = {10.1093/philmat/nki006},
	Fjournal = {Philosophia Mathematica. Series III},
	Issn = {0031-8019},
	Journal = {Philos. Math. (3)},
	Mrclass = {18A15 (00A30 03A05)},
	Mrnumber = {2134658},
	Number = {1},
	Pages = {44--60},
	Title = {Learning from questions on categorical foundations},
	Url = {https://mathscinet.ams.org/mathscinet-getitem?mr=2134658},
	Volume = {13},
	Year = {2005},
	Bdsk-Url-1 = {https://mathscinet.ams.org/mathscinet-getitem?mr=2134658}}

@incollection{MR2867086,
	Author = {McLarty, Colin},
	Booktitle = {Foundational Theories of Classical and Constructive Mathematics},
	Date-Added = {2020-02-06 10:21:51 -0500},
	Date-Modified = {2020-02-06 10:21:51 -0500},
	Doi = {10.1007/978-94-007-0431-2_7},
	Mrclass = {03A05 (01A60 18B30)},
	Mrnumber = {2867086},
	Pages = {145--154},
	Publisher = {Springer, Dordrecht},
	Series = {West. Ont. Ser. Philos. Sci.},
	Title = {Recent debate over categorical foundations},
	Url = {https://mathscinet.ams.org/mathscinet-getitem?mr=2867086},
	Volume = {76},
	Year = {2011},
	Bdsk-Url-1 = {https://mathscinet.ams.org/mathscinet-getitem?mr=2867086}}

@article{MR2889177,
	Author = {McLarty, Colin},
	Date-Added = {2020-02-06 10:21:40 -0500},
	Date-Modified = {2020-02-06 10:21:40 -0500},
	Doi = {10.1093/philmat/nkr041},
	Fjournal = {Philosophia Mathematica. Series III},
	Issn = {0031-8019},
	Journal = {Philos. Math. (3)},
	Mrclass = {00A30 (00A35 03A05 18A15)},
	Mrnumber = {2889177},
	Number = {1},
	Pages = {111--113},
	Title = {Categorical foundations and mathematical practice},
	Url = {https://mathscinet.ams.org/mathscinet-getitem?mr=2889177},
	Volume = {20},
	Year = {2012},
	Bdsk-Url-1 = {https://mathscinet.ams.org/mathscinet-getitem?mr=2889177}}

@article{Hellman2001,
	Author = {Hellman, Geoffrey},
	Date-Added = {2020-02-06 10:20:50 -0500},
	Date-Modified = {2020-02-13 15:17:20 -0500},
	Doi = {10.1093/philmat/9.2.184},
	Fjournal = {Philosophia Mathematica. Philosophy of Mathematics, its Learning, and its Application. Series III},
	Issn = {0031-8019},
	Journal = {Philos. Math. (3)},
	Mrclass = {03A05 (00A30)},
	Mrnumber = {1830695},
	Number = {2},
	Pages = {184--211},
	Title = {Three varieties of mathematical structuralism},
	Url = {https://mathscinet.ams.org/mathscinet-getitem?mr=1830695},
	Volume = {9},
	Year = {2001},
	Bdsk-Url-1 = {https://mathscinet.ams.org/mathscinet-getitem?mr=1830695}}

@article{Awodey1996,
	Author = {Awodey, S.},
	Date-Added = {2020-02-06 10:20:35 -0500},
	Date-Modified = {2020-02-12 13:06:36 -0500},
	Doi = {10.1093/philmat/4.3.209},
	Fjournal = {Philosophia Mathematica. Philosophy of Mathematics, its Learning, and its Applications. Series III},
	Issn = {0031-8019},
	Journal = {Philos. Math. (3)},
	Mrclass = {03G30 (00A30 03A05 18B99)},
	Mrnumber = {1406758},
	Mrreviewer = {Colin McLarty},
	Number = {3},
	Pages = {209--237},
	Title = {Structure in mathematics and logic: a categorical perspective},
	Url = {https://mathscinet.ams.org/mathscinet-getitem?mr=1406758},
	Volume = {4},
	Year = {1996},
	Bdsk-Url-1 = {https://mathscinet.ams.org/mathscinet-getitem?mr=1406758}}

@article{Hellman2003,
	Author = {Hellman, Geoffrey},
	Date-Added = {2020-02-06 10:20:34 -0500},
	Date-Modified = {2020-02-13 15:18:40 -0500},
	Doi = {10.1093/philmat/11.2.129},
	Fjournal = {Philosophia Mathematica. Philosophy of Mathematics, its Learning, and its Application. Series III},
	Issn = {0031-8019},
	Journal = {Philos. Math. (3)},
	Mrclass = {03A05 (00A30 18-02 18B25)},
	Mrnumber = {1980559},
	Mrreviewer = {Peter Johnstone},
	Number = {2},
	Pages = {129--157},
	Title = {Does category theory provide a framework for mathematical structuralism?},
	Url = {https://mathscinet.ams.org/mathscinet-getitem?mr=1980559},
	Volume = {11},
	Year = {2003},
	Bdsk-Url-1 = {https://mathscinet.ams.org/mathscinet-getitem?mr=1980559}}

@incollection{MR2867080,
	Author = {Hellman, Geoffrey},
	Booktitle = {Foundational Theories of Classical and Constructive Mathematics},
	Date-Added = {2020-02-06 10:19:01 -0500},
	Date-Modified = {2020-02-06 10:19:01 -0500},
	Doi = {10.1007/978-94-007-0431-2_1},
	Mrclass = {03A05 (03A10)},
	Mrnumber = {2867080},
	Mrreviewer = {Andrzej B. Indrzejczak},
	Pages = {53--69},
	Publisher = {Springer, Dordrecht},
	Series = {West. Ont. Ser. Philos. Sci.},
	Title = {Foundational frameworks},
	Url = {https://mathscinet.ams.org/mathscinet-getitem?mr=2867080},
	Volume = {76},
	Year = {2011},
	Bdsk-Url-1 = {https://mathscinet.ams.org/mathscinet-getitem?mr=2867080}}

@article{Hellman2013,
	Author = {Hellman, Geoffrey},
	Date-Added = {2020-02-06 10:18:59 -0500},
	Date-Modified = {2020-02-13 15:16:49 -0500},
	Doi = {10.1017/S1755020312000123},
	Fjournal = {The Review of Symbolic Logic},
	Issn = {1755-0203},
	Journal = {Rev. Symb. Log.},
	Mrclass = {03A05 (03Exx 18A15)},
	Mrnumber = {3033210},
	Number = {1},
	Pages = {16--23},
	Title = {Neither categorical nor set-theoretic foundations},
	Url = {https://mathscinet.ams.org/mathscinet-getitem?mr=3033210},
	Volume = {6},
	Year = {2013},
	Bdsk-Url-1 = {https://mathscinet.ams.org/mathscinet-getitem?mr=3033210}}

@article{MR2134659,
	Author = {Shapiro, Stewart},
	Date-Added = {2020-02-06 10:18:03 -0500},
	Date-Modified = {2020-02-06 10:18:03 -0500},
	Doi = {10.1093/philmat/nki007},
	Fjournal = {Philosophia Mathematica. Series III},
	Issn = {0031-8019},
	Journal = {Philos. Math. (3)},
	Mrclass = {00A30 (01A60 03A05)},
	Mrnumber = {2134659},
	Mrreviewer = {J. Corcoran},
	Number = {1},
	Pages = {61--77},
	Title = {Categories, structures, and the {F}rege-{H}ilbert controversy: the status of meta-mathematics},
	Url = {https://mathscinet.ams.org/mathscinet-getitem?mr=2134659},
	Volume = {13},
	Year = {2005},
	Bdsk-Url-1 = {https://mathscinet.ams.org/mathscinet-getitem?mr=2134659}}

@incollection{MR2509667,
	Author = {Shapiro, Stewart},
	Booktitle = {Logicism, Intuitionism, and Formalism},
	Date-Added = {2020-02-06 10:17:18 -0500},
	Date-Modified = {2020-02-06 10:17:18 -0500},
	Doi = {10.1007/978-1-4020-8926-8_18},
	Mrclass = {00A30 (01A60 03A05)},
	Mrnumber = {2509667},
	Pages = {435--448},
	Publisher = {Springer, Dordrecht},
	Series = {Synth. Libr.},
	Title = {Categories, structures, and the {F}rege-{H}ilbert controversy: the status of meta-mathematics [reprint of MR2134659]},
	Url = {https://mathscinet.ams.org/mathscinet-getitem?mr=2509667},
	Volume = {341},
	Year = {2009},
	Bdsk-Url-1 = {https://mathscinet.ams.org/mathscinet-getitem?mr=2509667}}

@book{HellmanShap2019,
	Author = {Hellman, Geoffrey and Shapiro, Stewart},
	Date-Added = {2020-02-06 10:15:37 -0500},
	Date-Modified = {2020-02-06 11:34:26 -0500},
	Isbn = {978-1-108-45643-2},
	Mrclass = {00A30 (03-02 03A05 03B45 03Exx)},
	Mrnumber = {3967722},
	Pages = {92},
	Publisher = {Cambridge University Press, Cambridge},
	Series = {Elements in the Philosophy of Mathematics},
	Title = {Mathematical Structuralism},
	Url = {https://mathscinet.ams.org/mathscinet-getitem?mr=3967722},
	Year = {2019},
	Bdsk-Url-1 = {https://mathscinet.ams.org/mathscinet-getitem?mr=3967722}}
