
@book{smith_category_2018,
	title = {Category {Theory}: {A} {Gentle} {Introduction}},
	url = {http://www.logicmatters.net/resources/pdfs/GentleIntro.pdf},
	urldate = {2020-07-24},
	publisher = {University of Cambridge, lecture notes},
	author = {Smith, Peter},
	year = {2018},
	note = "<\url{http://www.logicmatters.net/resources/pdfs/GentleIntro.pdf}>"
}

@book{mclarty_elementary_1995,
	address = {Oxford},
	title = {Elementary {Categories}, {Elementary} {Toposes}},
	publisher = {Oxford University Press},
	author = {McLarty, Colin},
	year = {1995}
}

@book{landry_categories_2018,
	address = {Oxford},
	title = {Categories for the {Working} {Philosopher}},
	isbn = {978-0-19-874899-1},
	publisher = {Oxford University Press},
	author = {Landry, E.},
	year = {2018},
	keywords = {Categories (Philosophy), Knowledge, Theory of, PHILOSOPHY / Metaphysics}
}

@book{awodey_category_2010,
	address = {Oxford; New York},
	edition = {2},
	series = {Oxford {Logic} {Guides}},
	title = {Category {Theory}},
	isbn = {978-0-19-958736-0 978-0-19-923718-0},
	number = {52},
	publisher = {Oxford University Press},
	author = {Awodey, Steve},
	year = {2010},
	keywords = {Categories (Mathematics)}
}

@article{list_levels_2019,
	title = {Levels: {Descriptive}, {Explanatory}, and {Ontological}},
	volume = {53},
	issn = {0029-4624, 1468-0068},
	shorttitle = {Levels},
	doi = {10.1111/nous.12241},
	number = {4},
	journal = {Noûs},
	author = {List, Christian},
	year = {2019},
	note = "<\url{https://onlinelibrary.wiley.com/doi/pdf/10.1111/nous.12241}>",
	pages = {852--883},
	file = {Zaakceptowana wersja:/home/pawel/.zotero/zotero/2felkxqq.default/zotero/storage/UG4PLN7C/List - 2019 - Levels Descriptive, Explanatory, and Ontological.pdf:application/pdf}
}

@book{kus_category_2019,
	address = {Cham},
	series = {Springer {Proc}. {Phys}.},
	title = {Category {Theory} in {Physics}, {Mathematics}, and {Philosophy}},
	isbn = {978-3-030-30896-4},
	number = {235},
	publisher = {Springer},
	editor = {Kuś, Marek and Skowron, Bartłomiej},
	year = {2019},
	doi = {10.1007/978-3-030-30896-4}
}

@article{heller_filozoficznie_2018,
	title = {Filozoficznie prowokująca teoria kategorii},
	copyright = {Copyright (c) 2018 Zagadnienia Filozoficzne w Nauce},
	issn = {2451-0602},
	url = {https://zfn.edu.pl/index.php/zfn/article/view/451},
	number = {65},
	urldate = {2020-07-24},
	journal = {Philosophical Problems in Science (Zagadnienia Filozoficzne w Nauce)},
	author = {Heller, Michał},
	year = {2018},
	keywords = {category theory, philosophy},
	pages = {232--241},
	file = {Full Text PDF:/home/pawel/.zotero/zotero/2felkxqq.default/zotero/storage/8RLB8KQ2/Heller - 2018 - Filozoficznie prowokująca teoria kategorii.pdf:application/pdf;Snapshot:/home/pawel/.zotero/zotero/2felkxqq.default/zotero/storage/VWSC4YIA/451.html:text/html}
}

@article{krol-2017,
	author = "Kr\'ol, Jerzy and Asselmeyer-Maluga, Torsten and Bielas, Krzysztof and Klimasara, Pawe\l{}",
	title = "{From Quantum to Cosmological Regime. The Role of Forcing and Exotic 4-Smoothness}",
	doi = "10.3390/universe3020031",
	journal = "Universe",
	volume = "3",
	number = "2",
	pages = "31",
	year = "2017",
	note = "<\url{https://doi.org/10.3390/universe3020031}>"
}

@article{heller-krol-2016,
	author = "Heller, Michael and Kr\'ol, Jerzy",
	title = "{How Logic Interacts with Geometry: Infinitesimal Curvature of Categorical Spaces}",
	eprint = "1605.03099",
	archivePrefix = "arXiv",
	primaryClass = "math.DG",
	year = "2016",
	note = "<\url{https://arxiv.org/abs/1605.03099}>"
}

@article{heller-krol-2017,
	author = "Heller, Michael and Kr\'ol, Jerzy",
	title = "{Infinitesimal Structure of Singularities}",
	doi = "10.3390/universe3010016",
	journal = "Universe",
	volume = "3",
	number = "1",
	pages = "16",
	year = "2017",
	note = "<\url{https://doi.org/10.3390/universe3010016}>"
}

@article{britto-2005,
	author = "Britto, Ruth and Cachazo, Freddy and Feng, Bo and Witten, Edward",
	title = "{Direct proof of tree-level recursion relation in Yang-Mills theory}",
	eprint = "hep-th/0501052",
	archivePrefix = "arXiv",
	doi = "10.1103/PhysRevLett.94.181602",
	journal = "Phys. Rev. Lett.",
	volume = "94",
	pages = "181602",
	year = "2005",
	note = "<\url{https://arxiv.org/abs/hep-th/0501052}>"
}
