
@book{Kotarbinski,
	address = {Lwów},
	title = {Elementy teorji poznania, logiki formalnej i metodologji nauk},
	language = {pl},
	publisher = {Wydawn. Zakładu Narodowego im. Ossolińskich},
	author = {Kotarbiński, Tadeusz},
	year = {1929},
	keywords = {Knowledge, Theory of, Logic, Science}
}

@book{Heller,
	address = {Kraków},
	title = {Bóg i geometria: gdy przestrzeń była {Bogiem}},
	isbn = {978-83-7886-165-2},
	shorttitle = {Bóg i geometria},
	language = {pl},
	publisher = {Copernicus Center Press},
	author = {Heller, Michał},
	year = {2015},
	keywords = {filozofia, Filozofia chrześcijańska, Geometria, historia, Religia i nauka}
}

@article{Atiyah,
	title = {Mathematics in the 20th century},
	volume = {34},
	issn = {0024-6093, 1469-2120},
	url = {https://www.cambridge.org/core/product/identifier/S0024609301008566/type/journal_article},
	doi = {10.1112/S0024609301008566},
	abstract = {A survey is given of several key themes that have characterised mathematics in the 20th century. The impact of physics is also discussed, and some speculations are made about possible developments in the 21st century.},
	language = {en},
	number = {1},
	urldate = {2020-10-29},
	journal = {Bulletin of the London Mathematical Society},
	author = {Atiyah, Michael},
	month = jan,
	year = {2002},
	pages = {1--15},
	file = {Atiyah - 2002 - MATHEMATICS IN THE 20TH CENTURY.pdf:/home/pawel/.zotero/zotero/2felkxqq.default/zotero/storage/8WW2EIVT/Atiyah - 2002 - MATHEMATICS IN THE 20TH CENTURY.pdf:application/pdf}
}

@article{eilenberg_general_1945,
	title = {General theory of natural equivalences},
	volume = {58},
	url = {https://www.ams.org/journals/tran/1945-058-00/S0002-9947-1945-0013131-6/S0002-9947-1945-0013131-6.pdf},
	language = {en},
	urldate = {2020-10-29},
	journal = {Transactions of the American Mathematical Society},
	author = {Eilenberg, Samuel and Mac Lane, Saunders},
	year = {1945},
	pages = {231--294},
	file = {Eilenberg i MacLANE - GENERAL THEORY OF NATURAL EQUIVALENCES.pdf:/home/pawel/.zotero/zotero/2felkxqq.default/zotero/storage/DPHLIMVS/Eilenberg i MacLANE - GENERAL THEORY OF NATURAL EQUIVALENCES.pdf:application/pdf;Eilenberg i MacLANE - GENERAL THEORY OF NATURAL EQUIVALENCES.pdf:/home/pawel/.zotero/zotero/2felkxqq.default/zotero/storage/58WGRILG/Eilenberg i MacLANE - GENERAL THEORY OF NATURAL EQUIVALENCES.pdf:application/pdf}
}

@incollection{goldblatt_chapter_1984,
	address = {Amsterdam},
	title = {Chapter 4. {Introducing} {Topoi}},
	isbn = {978-0-444-86711-7},
	url = {https://projecteuclid.org/euclid.bia/1403013948},
	abstract = {Project Euclid - mathematics and statistics online},
	language = {EN},
	urldate = {2020-10-29},
	booktitle = {Topoi: {The} {Categorial} {Analysis} of {Logic}},
	publisher = {North-Holland},
	author = {Goldblatt, Robert},
	year = {1984},
	note = {Pages: 75-108
Publication Title: Topoi: The Categorial Analysis of Logic},
	pages = {75--108},
	file = {Full Text PDF:/home/pawel/.zotero/zotero/2felkxqq.default/zotero/storage/CA4JJMDX/Goldblatt - 1984 - Chapter 4. Introducing Topoi.pdf:application/pdf;Snapshot:/home/pawel/.zotero/zotero/2felkxqq.default/zotero/storage/6B888SQM/1403013948.html:text/html;Snapshot:/home/pawel/.zotero/zotero/2felkxqq.default/zotero/storage/46FZR8VP/1403013948.html:text/html}
}

@article{Law-Semant,
	title = {Functorial semantics of algebraic theories},
	volume = {50},
	url = {https://www.pnas.org/content/pnas/50/5/869.full.pdf},
	language = {en},
	urldate = {2020-10-29},
	journal = {Proceedings of the National Academy of Sciences of U.S.A.},
	author = {Lawvere, Francis William},
	year = {1963},
	pages = {869--872},
	file = {869.full.pdf:/home/pawel/.zotero/zotero/2felkxqq.default/zotero/storage/RJNFGTB3/869.full.pdf:application/pdf}
}

@article{Duality,
	title = {Duality for groups},
	volume = {56},
	issn = {0002-9904, 1936-881X},
	url = {https://projecteuclid.org/euclid.bams/1183515045},
	abstract = {Project Euclid - mathematics and statistics online},
	language = {EN},
	number = {6},
	urldate = {2020-10-29},
	journal = {Bulletin of the American Mathematical Society},
	author = {Mac Lane, Saunders},
	month = nov,
	year = {1950},
	mrnumber = {MR0049192},
	zmnumber = {0045.29905},
	note = {Publisher: American Mathematical Society},
	pages = {485--516},
	file = {Full Text PDF:/home/pawel/.zotero/zotero/2felkxqq.default/zotero/storage/E2IK2UA6/MacLane - 1950 - Duality for groups.pdf:application/pdf;Snapshot:/home/pawel/.zotero/zotero/2felkxqq.default/zotero/storage/R69TPD73/1183515045.html:text/html;Snapshot:/home/pawel/.zotero/zotero/2felkxqq.default/zotero/storage/SFFTYAL8/1183515045.html:text/html}
}

@incollection{Century,
	address = {Providence, R.I.},
	series = {History of {Mathematics}},
	title = {Concepts and {Categories} in {Perspective}},
	url = {https://www.ams.org/publicoutreach/math-history/hmath1-maclane25.pdf},
	number = {1},
	urldate = {2020-10-29},
	booktitle = {A {Century} of  {Mathematics} in {America}, {Part} {I}},
	publisher = {American Mathematical Society},
	author = {Mac Lane, Saunders},
	editor = {Duren, P. and Askey, R. and Merzbach, U.},
	year = {1988},
	pages = {323--365},
	file = {hmath1-maclane25.pdf:/home/pawel/.zotero/zotero/2felkxqq.default/zotero/storage/D86E6NVI/hmath1-maclane25.pdf:application/pdf}
}

@article{MLonE,
	title = {Samuel {Eilenberg} and categories},
	volume = {168},
	issn = {00224049},
	url = {https://linkinghub.elsevier.com/retrieve/pii/S0022404901000925},
	doi = {10.1016/S0022-4049(01)00092-5},
	language = {en},
	number = {2-3},
	urldate = {2020-10-29},
	journal = {Journal of Pure and Applied Algebra},
	author = {Mac Lane, Saunders},
	month = mar,
	year = {2002},
	pages = {127--131},
	file = {Mac Lane - 2002 - Samuel Eilenberg and Categories.pdf:/home/pawel/.zotero/zotero/2felkxqq.default/zotero/storage/PKCFNWQV/Mac Lane - 2002 - Samuel Eilenberg and Categories.pdf:application/pdf}
}

@article{Samuel,
	title = {On universal mappings and free topological groups},
	volume = {54},
	issn = {0002-9904, 1936-881X},
	url = {https://projecteuclid.org/euclid.bams/1183512049},
	abstract = {Project Euclid - mathematics and statistics online},
	language = {EN},
	number = {6},
	urldate = {2020-10-29},
	journal = {Bulletin of the American Mathematical Society},
	author = {Samuel, P.},
	month = jun,
	year = {1948},
	mrnumber = {MR0025152},
	zmnumber = {0031.41702},
	note = {Publisher: American Mathematical Society},
	pages = {591--598},
	file = {Full Text PDF:/home/pawel/.zotero/zotero/2felkxqq.default/zotero/storage/C8DPUBQH/Samuel - 1948 - On universal mappings and free topological groups.pdf:application/pdf;Snapshot:/home/pawel/.zotero/zotero/2felkxqq.default/zotero/storage/VLQKBRKK/1183512049.html:text/html;Snapshot:/home/pawel/.zotero/zotero/2felkxqq.default/zotero/storage/I4M3B35Z/1183512049.html:text/html}
}

@incollection{Baszmakowa,
	address = {Warszawa},
	title = {Grecja starożytna. {Kraje} hellenistyczne i imperium rzymskie},
	language = {pl},
	booktitle = {Historia matematyki od czasów najdawniejszych do początku {XIX} stulecia: w trzech tomach. {T}. 1: {Od} czasów najdawniejszych do początku czasów nowożytnych},
	publisher = {Państwowe Wydawnictwo Naukowe},
	author = {Baszmakowa, I.G.},
	translator = {Dobrzycki, Stanisław},
	collaborator = {Juszkiewicz, A.P.},
	year = {1975},
	keywords = {historia, Matematyka},
	pages = {64--168}
}

@book{B-P,
	address = {Dordrecht},
	title = {Mathematical {Epistemology} and {Psychology}},
	language = {en},
	publisher = {D. Reidel Publishing Company},
	author = {Beth, Evert Willem and Piaget, Jean},
	year = {1966}
}

@book{Feferman,
	address = {Cambridge [etc.]},
	title = {Alfred {Tarski}: {Life} and {Logic}},
	isbn = {978-0-521-80240-6},
	shorttitle = {Alfred {Tarski}},
	language = {en},
	publisher = {Cambridge University Press},
	author = {Feferman, Anita Burdman and Feferman, Solomon},
	year = {2004},
	keywords = {20 w, Filozofia analityczna, Filozofia logiki, Tarski, Alfred}
}

@article{Cantor,
	title = {Über unendliche, lineare {Punktmannigfaltigkeiten}},
	volume = {21},
	issn = {0025-5831, 1432-1807},
	url = {http://link.springer.com/10.1007/BF01446819},
	doi = {10.1007/BF01446819},
	language = {de},
	number = {4},
	urldate = {2020-10-29},
	journal = {Mathematische Annalen},
	author = {Cantor, Georg},
	month = dec,
	year = {1883},
	pages = {545--591},
	file = {Przesłana wersja:/home/pawel/.zotero/zotero/2felkxqq.default/zotero/storage/4LXWYIDA/Cantor - 1883 - Ueber unendliche, lineare Punktmannichfaltigkeiten.pdf:application/pdf}
}

@book{Abriss,
	address = {Wien},
	series = {Schriften zur {Wirtschaftswissenschaftlichen} {Forschung}},
	title = {Abriss der logistik: mit besonderer {Berücksichtigung} der relationstheorie und ihrer {Anwendungen}},
	shorttitle = {Abriss der logistik},
	language = {de},
	number = {Bd. 2},
	publisher = {Verlag von Julius Springer},
	author = {Carnap, Rudolf},
	year = {1929},
	keywords = {Logika symboliczna i matematyczna}
}

@book{Logische,
	address = {Wien},
	series = {Schriften zur {Wissenschaftlichen} {Weltauffassung}},
	title = {Logische {Syntax} der {Sprache}},
	language = {de},
	number = {Bd. 8},
	publisher = {Verlag von Julius Springer},
	author = {Carnap, Rudolf},
	year = {1934},
	keywords = {Gramatyka porównawcza i ogólna, Logika symboliczna i matematyczna, Neopozytywizm}
}

@book{Stetigkeit,
	address = {Braunschweig},
	title = {Stetigkeit und irrationale {Zahlen}},
	url = {http://www.rcin.org.pl/publication/13029},
	publisher = {Friedrich Vieweg \& Sohn},
	author = {Dedekind, Richard},
	year = {1872}
}

@book{Was_sind,
	address = {Braunschwieg},
	title = {Was sind und was sollen die {Zahlen}?},
	url = {http://www.digibib.tu-bs.de/?docid=00024927},
	language = {German},
	urldate = {2020-10-30},
	publisher = {Friedrich Vieweg \& Sohn},
	author = {Dedekind, Richard},
	year = {1888},
	note = {OCLC: 845483030}
}

@article{Dydak,
	title = {Ideas and {Influence} of {Karol} {Borsuk}},
	volume = {48},
	issn = {2543-991X, 2080-5519},
	url = {http://wydawnictwa.ptm.org.pl/index.php/wiadomosci-matematyczne/article/view/305},
	doi = {10.14708/wm.v48i2.305},
	language = {en},
	number = {2},
	urldate = {2020-10-30},
	journal = {Wiadomości Matematyczne},
	author = {Dydak, Jerzy},
	month = jun,
	year = {2012},
	pages = {81},
	file = {Dydak - 2012 - Ideas and Influence of Karol Borsuk.pdf:/home/pawel/.zotero/zotero/2felkxqq.default/zotero/storage/3B2CUZLN/Dydak - 2012 - Ideas and Influence of Karol Borsuk.pdf:application/pdf}
}

@article{E-ML,
	title = {General theory of natural equivalences},
	volume = {58},
	issn = {0002-9947, 1088-6850},
	url = {https://www.ams.org/tran/1945-058-00/S0002-9947-1945-0013131-6/},
	doi = {10.1090/S0002-9947-1945-0013131-6},
	abstract = {Advancing research. Creating connections.},
	language = {en},
	urldate = {2020-10-30},
	journal = {Transactions of the American Mathematical Society},
	author = {Eilenberg, Samuel and Mac Lane, Saunders},
	year = {1945},
	pages = {231--294},
	file = {Full Text PDF:/home/pawel/.zotero/zotero/2felkxqq.default/zotero/storage/4ZS3BAYY/Eilenberg i MacLane - 1945 - General theory of natural equivalences.pdf:application/pdf;Snapshot:/home/pawel/.zotero/zotero/2felkxqq.default/zotero/storage/UVG25HJT/S0002-9947-1945-0013131-6.html:text/html;Snapshot:/home/pawel/.zotero/zotero/2felkxqq.default/zotero/storage/4CFQL55J/S0002-9947-1945-0013131-6.html:text/html}
}

@book{Ferreiros,
	address = {Basel},
	series = {Science {Networks}. {Historical} {Studies}},
	title = {Labyrinth of {Thought}: {A} {History} of {Set} {Theory} and {Its} {Role} in {Modern} {Mathematics}},
	isbn = {978-3-7643-5749-8 978-0-8176-5749-9},
	shorttitle = {Labyrinth of {Thought}},
	language = {en},
	number = {vol. 23},
	publisher = {Birkhäuser},
	author = {Ferreirós Domínguez, José},
	year = {1999},
	keywords = {historia, Teoria zbiorów}
}

@incollection{HF,
	address = {Warszawa, Amsterdam [etc.]},
	title = {The {Implicit} {Philosophy} of {Mathematics}: {Histtory} and {Education}},
	isbn = {978-83-01-05523-3},
	language = {eng fre ger rus},
	booktitle = {Proceedings of the {International} {Congress} of {Mathematicians}, {August} 16-24, 1983, {Warszawa}},
	publisher = {PWN-Polish Scientific Publishers, North-Holland},
	author = {Freudenthal, H.},
	editor = {Ciesielski, Zbigniew and Olech, Czesław},
	year = {1984},
	note = {Meeting Name: International Congress of Mathematicians},
	keywords = {konferencje, Matematyka},
	pages = {1695--1709}
}

@book{Freyd,
	address = {New York},
	title = {Abelian {Categories}: {An} {Introduction} to the {Theory} of {Functors}},
	shorttitle = {Abelian {Categories}},
	language = {English},
	publisher = {Harper \& Row},
	author = {Freyd, Peter},
	year = {1964},
	note = {OCLC: 1127740482}
}

@book{G-G,
	address = {Cambridge Mass; London},
	title = {The {Child}'s {Understanding} of {Number}},
	isbn = {978-0-674-11636-8},
	language = {English},
	publisher = {Harvard University Press},
	author = {Gelman, Rochel and Gallistel, Charles R},
	year = {1978},
	note = {OCLC: 610762150}
}

@book{Goldblatt,
	title = {Topoi - {The} {Categorial} {Analysis} of {Logic}},
	isbn = {978-0-444-86711-7},
	language = {en},
	publisher = {North-Holland},
	author = {Goldblatt, Robert},
	year = {1984},
}

@book{Hausdorff,
	address = {Leipzopg},
	title = {Grundzüge der {Mengenlehre}},
	url = {http://gallica.bnf.fr/ark:/12148/bpt6k9736980b},
	language = {German},
	urldate = {2020-10-30},
	publisher = {Veit (Leipzig)},
	author = {Hausdorff, Felix},
	year = {1914},
}

@book{Hewitt,
	address = {Berlin},
	series = {Grundlehren der {Mathematischen} {Wissenschaften} in {Einzeldarstellungen} mit {Besonderer} {Berücksichtigung} der {Anwendungsgebiete}},
	title = {Abstract {Harmonic} {Analysis}. {Vol}. 1: {Structure} of {Topological} {Groups}, {Integration} {Theory}, {Group} {Representations}},
	shorttitle = {Abstract {Harmonic} {Analysis}. {Vol}. 1},
	language = {en},
	number = {Bd. 115},
	publisher = {Springer},
	author = {Hewitt, Edwin and Ross, Kenneth A.},
	year = {1963},
	keywords = {Analiza harmoniczna (matematyka)}
}

@article{Jackowski,
	title = {Samuel {Eilenberg} - wielki matematyk z {Warszawy}},
	volume = {50},
	issn = {2543-991X, 2080-5519},
	url = {http://wydawnictwa.ptm.org.pl/index.php/wiadomosci-matematyczne/article/view/651},
	doi = {10.14708/wm.v50i1.651},
	language = {pl},
	number = {1},
	urldate = {2020-11-01},
	journal = {Wiadomości Matematyczne},
	author = {Jackowski, Stefan},
	month = jan,
	year = {2015},
	pages = {21--43},
	file = {Jackowski - 2015 - Samuel Eilenberg - wielki matematyk z Warszawy.pdf:/home/pawel/.zotero/zotero/2felkxqq.default/zotero/storage/T9VTRGZJ/Jackowski - 2015 - Samuel Eilenberg - wielki matematyk z Warszawy.pdf:application/pdf}
}

@article{Kan,
	title = {Adjoint functors},
	volume = {87},
	issn = {0002-9947},
	url = {http://www.ams.org/jourcgi/jour-getitem?pii=S0002-9947-1958-0131451-0},
	doi = {10.1090/S0002-9947-1958-0131451-0},
	language = {en},
	number = {2},
	urldate = {2020-11-01},
	journal = {Transactions of the American Mathematical Society},
	author = {Kan, Daniel M.},
	month = feb,
	year = {1958},
	pages = {294--294},
	file = {Pełny tekst:/home/pawel/.zotero/zotero/2felkxqq.default/zotero/storage/UH9S4IFX/Kan - 1958 - Adjoint functors.pdf:application/pdf;S0002-9947-1958-0131451-0.pdf:/home/pawel/.zotero/zotero/2felkxqq.default/zotero/storage/3SHLWJ3M/S0002-9947-1958-0131451-0.pdf:application/pdf}
}

@book{Kelley,
	address = {Princeton, N.J.},
	series = {University {Series} in {Higher} {Mathematics}},
	title = {General {Topology}},
	publisher = {D. Van Nostrand Co},
	author = {Kelley, John L.},
	year = {1955}
}

@book{Knorr,
	address = {Dordrecht},
	series = {Synthese {Historical} {Library}},
	title = {The {Evolution} of the {Euclidean} {Elements}: {A} {Study} of the {Theory} of {Incommensurable} {Magnitudes} and {Its} {Significance} for {Early} {Greek} {Geometry}},
	isbn = {978-90-277-0509-9 978-90-277-1192-2},
	shorttitle = {The {Evolution} of the {Euclidean} {Elements}},
	language = {en},
	number = {vol. 15},
	publisher = {D. Reidel},
	author = {Knorr, Wilbur Richard},
	year = {1975},
	keywords = {dzieła przed 1800, Geometria, historia, Matematyka, Matematyka grecka}
}

@book{Kromer,
	address = {Basel [etc.]},
	series = {Science {Networks}. {Historical} {Studies}},
	title = {Tool and {Object}: {A} {History} and {Philosophy} of {Category} {Theory}},
	isbn = {978-3-7643-7523-2 978-3-7643-7524-9},
	shorttitle = {Tool and {Object}},
	language = {en},
	number = {vol. 32},
	publisher = {Birkhäuser},
	author = {Krömer, Ralf},
	year = {2007}
}

@incollection{Krol,
	series = {Springer {Proceedings} in {Physics}},
	title = {Category theory and philosophy},
	isbn = {978-3-030-30895-7},
	url = {https://www.springer.com/gp/book/9783030308957},
	abstract = {The contributions gathered here demonstrate how categorical ontology can provide a basis for linking three important basic sciences: mathematics, physics, and philosophy. Category theory is a new formal ontology that shifts the main focus from objects to processes.The book approaches formal ontology in the original sense put forward by the philosopher Edmund Husserl, namely as a science that deals with entities that can be exemplified in all spheres and domains of reality. It is a dynamic, processual, and non-substantial ontology in which all entities can be treated as transformations, and in which objects are merely the sources and aims of these transformations.Thus, in a rather surprising way, when employed as a formal ontology, category theory can unite seemingly disparate disciplines in contemporary science and the humanities, such as physics, mathematics and philosophy, but also computer and complex systems science.},
	language = {en},
	number = {235},
	urldate = {2020-11-01},
	booktitle = {Category {Theory} in {Physics}, {Mathematics}, and {Philosophy}},
	publisher = {Springer International Publishing},
	author = {Król, Zbigniew},
	editor = {Kuś, Marek and Skowron, Bartłomiej},
	year = {2019},
	doi = {10.1007/978-3-030-30896-4},
	pages = {21--32}
}

@book{Kuratowski,
	address = {Warszawa ; Lwów},
	series = {Monografje {Matematyczne}},
	title = {Topologie. 1, {Espaces} {Métrisables}, {Espaces} {Complets}},
	shorttitle = {Topologie},
	language = {fr},
	number = {t. 3},
	publisher = {s.n.},
	author = {Kuratowski, Kazimierz},
	year = {1933},
	keywords = {Topologia}
}

@book{Lakatos,
	address = {Cambridge [etc.]},
	title = {Proofs and {Refutations}: {The} {Logic} of {Mathematical} {Discovery}},
	isbn = {978-0-521-21078-2 978-0-521-29038-8},
	shorttitle = {Proofs and {Refutations}},
	language = {en},
	publisher = {Cambridge University Press},
	author = {Lakatos, Imre},
	editor = {Worrall, John and Zahar, Elie},
	year = {1976},
	keywords = {filozofia, Logika symboliczna i matematyczna, Matematyka}
}

@article{Law-Sets,
	title = {An elementary theory of the category of sets},
	volume = {52},
	issn = {0027-8424, 1091-6490},
	url = {https://www.pnas.org/content/52/6/1506},
	doi = {10.1073/pnas.52.6.1506},
	language = {en},
	number = {6},
	urldate = {2020-11-01},
	journal = {Proceedings of the National Academy of Sciences of the U.S.A.},
	author = {Lawvere, Francis William},
	month = dec,
	year = {1964},
	pmid = {16591243},
	note = {Publisher: National Academy of Sciences
Section: Mathematics},
	pages = {1506--1511},
	file = {1506.full.pdf:/home/pawel/.zotero/zotero/2felkxqq.default/zotero/storage/XV3UGRWH/1506.full.pdf:application/pdf;Full Text PDF:/home/pawel/.zotero/zotero/2felkxqq.default/zotero/storage/LC5CC3AW/Lawvere - 1964 - An Elementary Theory of the Category of Sets.pdf:application/pdf;Snapshot:/home/pawel/.zotero/zotero/2felkxqq.default/zotero/storage/TBK3VNF8/1506.html:text/html}
}

@book{Law-Toposes,
	address = {Berlin, Heidelberg, New York},
	series = {Lecture {Notes} in {Mathematics}},
	title = {Toposes, {Algebraic} {Geometry} and {Logic}},
	isbn = {978-3-540-05920-2 978-0-387-05920-4},
	number = {274},
	publisher = {Springer},
	editor = {Lawvere, Francis William},
	year = {1972},
	keywords = {Geometria algebraiczna, Kategorie (matematyka), konferencje, Logika symboliczna i matematyczna, Toposy (matematyka)}
}

@article{Lukasiewicz,
	title = {Über den {Satz} des {Widerspruchs} bei {Aristoteles}},
	language = {de},
	number = {1-2},
	journal = {Bulletin International de l'Académie des Sciences de Cracovie. I. Classe de Philologie. II. Classe d'Histoire et de Philosophie},
	author = {Łukasiewicz, Jan},
	year = {1910},
	pages = {15--38},
	file = {Łukasiewicz - 1910 - Über den Satz des Widerspruchs bei Aristoteles.pdf:/home/pawel/.zotero/zotero/2felkxqq.default/zotero/storage/KHXRF892/Łukasiewicz - 1910 - Über den Satz des Widerspruchs bei Aristoteles.pdf:application/pdf}
}

@book{Working,
	address = {New York},
	series = {Graduate {Texts} in {Mathematics}},
	title = {Categories for the {Working} {Mathematician}},
	isbn = {978-0-387-90036-0 978-0-387-90035-3 978-3-540-90036-8},
	language = {en},
	number = {5},
	publisher = {Springer-Verlag},
	author = {Mac Lane, Saunders},
	year = {1971},
	keywords = {Kategorie (matematyka)}
}

@book{Form,
	address = {New York [etc.]},
	title = {Mathematics: {Form} and {Function}},
	isbn = {978-0-387-96217-7 978-3-540-96217-5},
	language = {en},
	publisher = {Springer-Verlag},
	author = {Mac Lane, Saunders},
	year = {1986}
}

@book{Autobiography,
	address = {Wellesley, Mass},
	title = {A mathematical autobiography},
	isbn = {978-1-56881-150-5},
	language = {en},
	publisher = {A K Peters},
	author = {Mac Lane, Saunders},
	year = {2005}
}

@book{Mitchell,
	address = {New York, London},
	series = {Pure and {Applied} {Mathematics}. {A} {Series} of {Monographs} and {Textbooks}},
	title = {Theory of Categories},
	language = {en},
	number = {17},
	publisher = {Academic Press},
	author = {Mitchell, Barry},
	year = {1965},
	keywords = {Kategorie (matematyka)}
}

@book{P-G,
	address = {New York},
	title = {Psychogenesis and the history of science},
	isbn = {978-0-231-05992-3},
	language = {en},
	publisher = {Columbia University Press},
	author = {Piaget, Jean and García, Rolando Victor},
	translator = {Feider, Helga},
	year = {1989}
}

@misc{Skowron,
	title = {Was {Saunders} {Mac} {Lane} a {Platonic}? [to appear]},
	author = {Skowron, Bartłomiej},
	year = {2020}
}


@book{Steenrod,
	address = {Princeton},
	series = {Princeton {Mathematical} {Series}},
	title = {Foundations of Algebraic Topology},
	number = {15},
	publisher = {Princeton University Press},
	author = {Eilenberg, Samuel and Steenrod, Norman Earl},
	year = {1952},
	keywords = {Topologia}
}

@book{Tall,
	address = {Cambridge},
	series = {Learning in {Doing}: social, cognitive, and computational perspectives},
	title = {How {Humans} {Learn} to {Think} {Mathematically}: {Exploring} the {Three} {Worlds} of {Mathematics}},
	isbn = {978-1-107-03570-6 978-1-107-66854-6},
	shorttitle = {How {Humans} {Learn} to {Think} {Mathematically}},
	language = {en},
	publisher = {Cambridge University Press},
	author = {Tall, David},
	year = {2013}
}

@book{Tarski_sem,
	address = {Warszawa},
	series = {Prace {Towarzystwa} {Naukowego} {Warszawskiego}. {Wydział} {III}: {Nauk} {Matematyczno}-{Fizycznych}},
	title = {Pojęcie prawdy w językach nauk dedukcyjnych},
	language = {pl},
	number = {34},
	publisher = {nakładem Towarzystwa Naukowego Warszawskiego, z zasiłku Ministerstwa Wyznań Religijnych i Oświecenia Publicznego},
	author = {Tarski, Alfred},
	year = {1933},
	keywords = {Logika symboliczna i matematyczna, Prawda}
}

@article{Thurston,
	title = {Mathematical {Education}},
	volume = {37},
	language = {en},
	number = {7},
	journal = {Notices of the Amer- ican Mathematical Society},
	author = {Thurston, William P.},
	year = {1990},
	pages = {844--850}
}

@book{Waerden,
	address = {Berlin},
	series = {Die {Grundlehren} der {Mathematischen} {Wissenschaften} in {Einzeldarstellungen} mit {Besonderer} {Berücksichtigung} der {Anwendungsgebiete}},
	title = {Moderne {Algebra}. {T}. 1},
	language = {de},
	number = {Bd. 33},
	publisher = {Verlag von Julius Springer},
	author = {Waerden, Bartel Leendert van der},
	year = {1930},
	keywords = {Algebra abstrakcyjna, podręczniki akademickie}
}

@article{Youschkevitsch,
	title = {The concept of function up to the middle of the 19th century},
	volume = {16},
	issn = {1432-0657},
	url = {https://doi.org/10.1007/BF00348305},
	doi = {10.1007/BF00348305},
	language = {en},
	number = {1},
	urldate = {2020-11-02},
	journal = {Archive for History of Exact Sciences},
	author = {Youschkevitch, A. P.},
	month = mar,
	year = {1976},
	pages = {37--85}
}

@phdthesis{Shannon_symbolic_1936,
	type = {Thesis},
	title = {A {Symbolic} {Analysis} of {Relay} and {Switching} {Circuits}},
	copyright = {MIT theses are protected by copyright. They may be viewed, downloaded, or printed from this source but further reproduction or distribution in any format is prohibited without written permission.},
	url = {https://dspace.mit.edu/handle/1721.1/11173},
	abstract = {Thesis (M.S.)--Massachusetts Institute of Technology, Dept. of Electrical Engineering, 1940.},
	language = {en},
	urldate = {2020-11-02},
	school = {Massachusetts Institute of Technology},
	author = {Shannon, Claude Elwood},
	year = {1936},
}
