
@book{bolter_czlowiek_1990,
	address = {Warszawa},
	series = {Biblioteka {Myśli} {Współczesnej}},
	title = {Człowiek {Turinga}: kultura {Zachodu} w wieku komputera},
	isbn = {83-06-01940-7},
	shorttitle = {Człowiek {Turinga}},
	publisher = {Państwowy Instytut Wydawniczy},
	author = {Bolter, J. David},
	translator = {Goban-Klas, Tomasz},
	year = {1990},
	keywords = {Komputery i cywilizacja}
}

@book{stacewicz_przedmioty_2019,
	address = {Warszawa},
	edition = {1},
	series = {Informatyka a filozofia},
	title = {Przedmioty wirtualne},
	isbn = {978-83-8156-004-7},
	shorttitle = {Przedmioty wirtualne},
	language = {pl},
	publisher = {Oficyna Wydawnicza Politechniki Warszawskiej},
	author = {Bondecka-Krzykowska, Izabela and Brzeziński, Krzysztof M. and Bulińska-Stangrecka, Helena and Głowala, Michał and Janowski, Jacek and Jernajczyk, Jakub and Lubacz, Józef and Trybulec, Marcin and Skowron, Bartłomiej and Stacewicz, Paweł},
	editor = {Stacewicz, Paweł and Skowron, Bartłomiej},
	year = {2019},
	keywords = {Rzeczywistość wirtualna}
}